timestamp,bid,ask,trade_price,volume,side
2025-10-24 13:03:00+00:00,17.6147,17.6453,17.6363,0,buy
2025-10-24 13:03:01.818182+00:00,17.6207,17.6434,17.6568,0,buy
2025-10-24 13:03:03.636364+00:00,17.6246,17.6437,17.6512,0,buy
2025-10-24 13:03:05.454546+00:00,17.6206,17.6512,17.6219,0,sell
2025-10-24 13:03:07.272728+00:00,17.6222,17.6538,17.6463,0,buy
2025-10-24 13:03:09.090910+00:00,17.6276,17.6518,17.6523,0,buy
2025-10-24 13:03:10.909092+00:00,17.6313,17.6527,17.6265,0,sell
2025-10-24 13:03:12.727274+00:00,17.6331,17.6544,17.6498,0,buy
2025-10-24 13:03:14.545456+00:00,17.6315,17.6603,17.6656,0,buy
2025-10-24 13:03:16.363638+00:00,17.6301,17.6658,17.6293,0,sell
2025-10-24 13:03:18.181820+00:00,17.6371,17.6632,17.6685,0,buy
2025-10-24 13:03:20.000002+00:00,17.6413,17.6627,17.6403,0,sell
2025-10-24 13:03:21.818184+00:00,17.643,17.6653,17.6477,0,sell
2025-10-24 13:03:23.636366+00:00,17.6425,17.6698,17.6716,0,buy
2025-10-24 13:03:25.454548+00:00,17.6438,17.672,17.6544,0,sell
2025-10-24 13:03:27.272730+00:00,17.6503,17.6703,17.6688,0,buy
2025-10-24 13:03:29.090912+00:00,17.6497,17.6741,17.687,0,buy
2025-10-24 13:03:30.909094+00:00,17.6481,17.6797,17.6644,0,buy
2025-10-24 13:03:32.727276+00:00,17.6557,17.676,17.6641,0,sell
2025-10-24 13:03:34.545458+00:00,17.6494,17.6857,17.6785,0,buy
2025-10-24 13:03:36.363640+00:00,17.6574,17.6826,17.676,0,buy
2025-10-24 13:03:38.181822+00:00,17.6552,17.6848,17.6613,0,sell
2025-10-24 13:03:40.000004+00:00,17.6579,17.6821,17.674,0,buy
2025-10-24 13:03:41.818186+00:00,17.6563,17.6837,17.6699,0,buy
2025-10-24 13:03:43.636368+00:00,17.6614,17.6786,17.6693,0,sell
2025-10-24 13:03:45.454550+00:00,17.6577,17.6823,17.6711,0,buy
2025-10-24 13:03:47.272732+00:00,17.654,17.686,17.6795,0,buy
2025-10-24 13:03:49.090914+00:00,17.6594,17.6806,17.6896,0,buy
2025-10-24 13:03:50.909096+00:00,17.6557,17.6843,17.691,0,buy
2025-10-24 13:03:52.727278+00:00,17.6564,17.6836,17.6994,0,buy
2025-10-24 13:03:54.545460+00:00,17.6602,17.6798,17.6531,0,sell
2025-10-24 13:03:56.363642+00:00,17.6582,17.6818,17.6817,0,buy
2025-10-24 13:03:58.181824+00:00,17.66,17.68,17.6713,0,sell
2025-10-24 13:04:00+00:00,17.6686,17.6919,17.7024,113,buy
2025-10-24 13:04:02.222222+00:00,17.6667,17.6964,17.6492,127,sell
2025-10-24 13:04:04.444444+00:00,17.6684,17.6985,17.7078,179,buy
2025-10-24 13:04:06.666666+00:00,17.6699,17.7014,17.653,196,sell
2025-10-24 13:04:08.888888+00:00,17.6776,17.6972,17.6809,172,buy
2025-10-24 13:04:11.111110+00:00,17.6749,17.704,17.6605,104,sell
2025-10-24 13:04:13.333332+00:00,17.6767,17.7048,17.6946,100,buy
2025-10-24 13:04:15.555554+00:00,17.6759,17.7094,17.6729,201,sell
2025-10-24 13:04:17.777776+00:00,17.6797,17.7093,17.6842,2,sell
2025-10-24 13:04:19.999998+00:00,17.6829,17.7101,17.69,132,sell
2025-10-24 13:04:22.222220+00:00,17.6809,17.7167,17.689,35,sell
2025-10-24 13:04:24.444442+00:00,17.6873,17.7134,17.686,159,sell
2025-10-24 13:04:26.666664+00:00,17.6918,17.7119,17.7223,164,buy
2025-10-24 13:04:28.888886+00:00,17.689,17.7184,17.7309,214,buy
2025-10-24 13:04:31.111108+00:00,17.6916,17.7199,17.6974,143,sell
2025-10-24 13:04:33.333330+00:00,17.6937,17.7214,17.7342,94,buy
2025-10-24 13:04:35.555552+00:00,17.6972,17.7223,17.7155,192,buy
2025-10-24 13:04:37.777774+00:00,17.6967,17.7233,17.6966,89,sell
2025-10-24 13:04:39.999996+00:00,17.6958,17.7242,17.7395,140,buy
2025-10-24 13:04:42.222218+00:00,17.6996,17.7204,17.7259,278,buy
2025-10-24 13:04:44.444440+00:00,17.7003,17.7197,17.736,94,buy
2025-10-24 13:04:46.666662+00:00,17.6964,17.7236,17.6914,170,sell
2025-10-24 13:04:48.888884+00:00,17.6989,17.7211,17.7074,89,buy
2025-10-24 13:04:51.111106+00:00,17.6934,17.7266,17.6946,66,sell
2025-10-24 13:04:53.333328+00:00,17.6952,17.7248,17.7135,138,buy
2025-10-24 13:04:55.555550+00:00,17.696,17.724,17.6999,113,sell
2025-10-24 13:04:57.777772+00:00,17.6978,17.7222,17.7157,82,buy
2025-10-24 13:05:00+00:00,17.7007,17.7193,17.7065,124,sell
2025-10-24 13:05:02.222222+00:00,17.6973,17.7259,17.7164,281,buy
2025-10-24 13:05:04.444444+00:00,17.7024,17.725,17.7045,329,sell
2025-10-24 13:05:06.666666+00:00,17.7011,17.7301,17.7068,66,sell
2025-10-24 13:05:08.888888+00:00,17.7064,17.7282,17.7296,303,buy
2025-10-24 13:05:11.111110+00:00,17.705,17.7332,17.7421,258,buy
2025-10-24 13:05:13.333332+00:00,17.7088,17.7338,17.7245,241,sell
2025-10-24 13:05:15.555554+00:00,17.7128,17.7331,17.7298,264,sell
2025-10-24 13:05:17.777776+00:00,17.7132,17.7362,17.6981,258,sell
2025-10-24 13:05:19.999998+00:00,17.713,17.7399,17.7463,300,buy
2025-10-24 13:05:22.222220+00:00,17.7173,17.7392,17.7382,243,buy
2025-10-24 13:05:24.444442+00:00,17.7178,17.7427,17.7423,288,buy
2025-10-24 13:05:26.666664+00:00,17.7146,17.7501,17.7118,210,sell
2025-10-24 13:05:28.888886+00:00,17.7203,17.7478,17.757,370,buy
2025-10-24 13:05:31.111108+00:00,17.7169,17.7545,17.7672,341,buy
2025-10-24 13:05:33.333330+00:00,17.7182,17.7573,17.7607,236,buy
2025-10-24 13:05:35.555552+00:00,17.7256,17.7535,17.7471,269,buy
2025-10-24 13:05:37.777774+00:00,17.7268,17.7532,17.7669,290,buy
2025-10-24 13:05:39.999996+00:00,17.7235,17.7565,17.7133,242,sell
2025-10-24 13:05:42.222218+00:00,17.7246,17.7554,17.7348,258,sell
2025-10-24 13:05:44.444440+00:00,17.7282,17.7518,17.7407,399,buy
2025-10-24 13:05:46.666662+00:00,17.7237,17.7563,17.7307,217,sell
2025-10-24 13:05:48.888884+00:00,17.728,17.752,17.7417,209,sell
2025-10-24 13:05:51.111106+00:00,17.722,17.758,17.7423,201,buy
2025-10-24 13:05:53.333328+00:00,17.7254,17.7546,17.7328,310,sell
2025-10-24 13:05:55.555550+00:00,17.7251,17.7549,17.7321,249,sell
2025-10-24 13:05:57.777772+00:00,17.727,17.753,17.7706,133,buy
2025-10-24 13:06:00+00:00,17.7272,17.7529,17.7656,61,buy
2025-10-24 13:06:01.935484+00:00,17.7264,17.7524,17.7187,82,sell
2025-10-24 13:06:03.870968+00:00,17.7282,17.7497,17.7199,62,sell
2025-10-24 13:06:05.806452+00:00,17.7186,17.7583,17.7231,112,sell
2025-10-24 13:06:07.741936+00:00,17.7304,17.7456,17.7386,75,sell
2025-10-24 13:06:09.677420+00:00,17.7212,17.7533,17.771,104,buy
2025-10-24 13:06:11.612904+00:00,17.7221,17.7517,17.7621,32,buy
2025-10-24 13:06:13.548388+00:00,17.7176,17.7552,17.7482,55,buy
2025-10-24 13:06:15.483872+00:00,17.7241,17.7474,17.754,58,buy
2025-10-24 13:06:17.419356+00:00,17.7261,17.7445,17.7125,75,sell
2025-10-24 13:06:19.354840+00:00,17.7177,17.7519,17.7097,88,sell
2025-10-24 13:06:21.290324+00:00,17.7216,17.7466,17.7456,43,buy
2025-10-24 13:06:23.225808+00:00,17.7191,17.7482,17.7145,54,sell
2025-10-24 13:06:25.161292+00:00,17.72,17.7464,17.7127,47,sell
2025-10-24 13:06:27.096776+00:00,17.7228,17.7424,17.7491,95,buy
2025-10-24 13:06:29.032260+00:00,17.7163,17.7474,17.733,21,buy
2025-10-24 13:06:30.967744+00:00,17.7151,17.7478,17.7456,36,buy
2025-10-24 13:06:32.903228+00:00,17.7176,17.7445,17.762,35,buy
2025-10-24 13:06:34.838712+00:00,17.7194,17.7413,17.7094,63,sell
2025-10-24 13:06:36.774196+00:00,17.7168,17.7432,17.7193,55,sell
2025-10-24 13:06:38.709680+00:00,17.7174,17.7426,17.7357,39,buy
2025-10-24 13:06:40.645164+00:00,17.7176,17.7424,17.7194,103,sell
2025-10-24 13:06:42.580648+00:00,17.7162,17.7438,17.7246,42,sell
2025-10-24 13:06:44.516132+00:00,17.719,17.741,17.705,78,sell
2025-10-24 13:06:46.451616+00:00,17.7165,17.7435,17.7301,94,buy
2025-10-24 13:06:48.387100+00:00,17.7153,17.7447,17.7146,92,sell
2025-10-24 13:06:50.322584+00:00,17.7217,17.7383,17.7433,39,buy
2025-10-24 13:06:52.258068+00:00,17.72,17.74,17.7067,39,sell
2025-10-24 13:06:54.193552+00:00,17.7193,17.7407,17.728,111,sell
2025-10-24 13:06:56.129036+00:00,17.7128,17.7472,17.6985,7,sell
2025-10-24 13:06:58.064520+00:00,17.7173,17.7427,17.7331,89,buy
2025-10-24 13:07:00+00:00,17.7169,17.7428,17.7353,15,buy
2025-10-24 13:07:01.935484+00:00,17.7115,17.7453,17.7321,17,buy
2025-10-24 13:07:03.870968+00:00,17.7113,17.7416,17.7069,14,sell
2025-10-24 13:07:05.806452+00:00,17.7105,17.7397,17.7407,18,buy
2025-10-24 13:07:07.741936+00:00,17.7152,17.7317,17.7246,21,buy
2025-10-24 13:07:09.677420+00:00,17.7034,17.74,17.6956,14,sell
2025-10-24 13:07:11.612904+00:00,17.7078,17.7327,17.7097,11,sell
2025-10-24 13:07:13.548388+00:00,17.7049,17.7323,17.7347,25,buy
2025-10-24 13:07:15.483872+00:00,17.7054,17.7289,17.716,15,sell
2025-10-24 13:07:17.419356+00:00,17.6974,17.7339,17.6995,5,sell
2025-10-24 13:07:19.354840+00:00,17.702,17.7258,17.6895,19,sell
2025-10-24 13:07:21.290324+00:00,17.7016,17.7231,17.7297,16,buy
2025-10-24 13:07:23.225808+00:00,17.6987,17.7222,17.692,11,sell
2025-10-24 13:07:25.161292+00:00,17.6993,17.7197,17.6916,19,sell
2025-10-24 13:07:27.096776+00:00,17.6905,17.7253,17.6969,16,sell
2025-10-24 13:07:29.032260+00:00,17.6863,17.7257,17.7364,26,buy
2025-10-24 13:07:30.967744+00:00,17.6922,17.7167,17.7075,17,sell
2025-10-24 13:07:32.903228+00:00,17.6901,17.7152,17.6954,17,sell
2025-10-24 13:07:34.838712+00:00,17.6872,17.7151,17.6998,25,sell
2025-10-24 13:07:36.774196+00:00,17.6873,17.7127,17.7022,10,buy
2025-10-24 13:07:38.709680+00:00,17.6826,17.7174,17.6924,6,sell
2025-10-24 13:07:40.645164+00:00,17.6852,17.7148,17.6984,1,buy
2025-10-24 13:07:42.580648+00:00,17.6814,17.7186,17.69,9,sell
2025-10-24 13:07:44.516132+00:00,17.6932,17.7069,17.7059,14,sell
2025-10-24 13:07:46.451616+00:00,17.683,17.717,17.6759,23,sell
2025-10-24 13:07:48.387100+00:00,17.6873,17.7127,17.7302,26,buy
2025-10-24 13:07:50.322584+00:00,17.685,17.715,17.6994,17,buy
2025-10-24 13:07:52.258068+00:00,17.6872,17.7128,17.7033,23,buy
2025-10-24 13:07:54.193552+00:00,17.6885,17.7115,17.6784,21,sell
2025-10-24 13:07:56.129036+00:00,17.6853,17.7147,17.6933,13,sell
2025-10-24 13:07:58.064520+00:00,17.6898,17.7102,17.6777,3,sell
2025-10-24 13:08:00+00:00,17.6948,17.7252,17.7101,7,buy
2025-10-24 13:08:02.307692+00:00,17.6977,17.7224,17.724,13,buy
2025-10-24 13:08:04.615384+00:00,17.6962,17.7238,17.7406,7,buy
2025-10-24 13:08:06.923076+00:00,17.692,17.7281,17.6834,10,sell
2025-10-24 13:08:09.230768+00:00,17.6984,17.7217,17.6855,10,sell
2025-10-24 13:08:11.538460+00:00,17.6958,17.7243,17.7343,11,buy
2025-10-24 13:08:13.846152+00:00,17.6977,17.7224,17.72,5,buy
2025-10-24 13:08:16.153844+00:00,17.6974,17.7226,17.7049,9,sell
2025-10-24 13:08:18.461536+00:00,17.6932,17.7269,17.7267,8,buy
2025-10-24 13:08:20.769228+00:00,17.6975,17.7226,17.6889,7,sell
2025-10-24 13:08:23.076920+00:00,17.6981,17.7219,17.7043,5,buy
2025-10-24 13:08:25.384612+00:00,17.6979,17.7224,17.6893,8,sell
2025-10-24 13:08:27.692304+00:00,17.6988,17.7212,17.7062,9,buy
2025-10-24 13:08:29.999996+00:00,17.6997,17.7203,17.7164,4,buy
2025-10-24 13:08:32.307688+00:00,17.6984,17.7218,17.7014,5,sell
2025-10-24 13:08:34.615380+00:00,17.6972,17.723,17.7025,6,sell
2025-10-24 13:08:36.923072+00:00,17.6954,17.7249,17.7273,2,buy
2025-10-24 13:08:39.230764+00:00,17.6969,17.7232,17.7065,6,buy
2025-10-24 13:08:41.538456+00:00,17.6938,17.7262,17.7159,10,buy
2025-10-24 13:08:43.846148+00:00,17.6969,17.7231,17.7064,7,sell
2025-10-24 13:08:46.153840+00:00,17.6964,17.7236,17.7006,9,sell
2025-10-24 13:08:48.461532+00:00,17.6955,17.7246,17.6788,7,sell
2025-10-24 13:08:50.769224+00:00,17.6941,17.7259,17.6983,4,sell
2025-10-24 13:08:53.076916+00:00,17.6975,17.7225,17.683,8,sell
2025-10-24 13:08:55.384608+00:00,17.695,17.725,17.6836,8,sell
2025-10-24 13:08:57.692300+00:00,17.6961,17.7239,17.724,3,buy
2025-10-24 13:09:00+00:00,17.6878,17.7122,17.699,20,buy
2025-10-24 13:09:02.500000+00:00,17.6862,17.7138,17.7051,9,buy
2025-10-24 13:09:05+00:00,17.6891,17.7109,17.6897,24,sell
2025-10-24 13:09:07.500000+00:00,17.6869,17.7131,17.709,21,buy
2025-10-24 13:09:10+00:00,17.6866,17.7135,17.6888,24,sell
2025-10-24 13:09:12.500000+00:00,17.6859,17.7141,17.6729,10,sell
2025-10-24 13:09:15+00:00,17.6876,17.7124,17.6834,9,sell
2025-10-24 13:09:17.500000+00:00,17.6823,17.7177,17.6695,21,sell
2025-10-24 13:09:20+00:00,17.6834,17.7166,17.6908,14,sell
2025-10-24 13:09:22.500000+00:00,17.6887,17.7113,17.6732,18,sell
2025-10-24 13:09:25+00:00,17.6862,17.7138,17.6991,17,buy
2025-10-24 13:09:27.500000+00:00,17.6845,17.7155,17.72,23,buy
2025-10-24 13:09:30+00:00,17.6882,17.7118,17.7173,24,buy
2025-10-24 13:09:32.500000+00:00,17.6881,17.7119,17.7178,13,buy
2025-10-24 13:09:35+00:00,17.6861,17.7139,17.6927,16,sell
2025-10-24 13:09:37.500000+00:00,17.6871,17.7129,17.6797,17,sell
2025-10-24 13:09:40+00:00,17.6909,17.7091,17.6858,16,sell
2025-10-24 13:09:42.500000+00:00,17.6852,17.7148,17.6708,11,sell
2025-10-24 13:09:45+00:00,17.6827,17.7174,17.6723,13,sell
2025-10-24 13:09:47.500000+00:00,17.689,17.711,17.6776,12,sell
2025-10-24 13:09:50+00:00,17.6875,17.7125,17.685,13,sell
2025-10-24 13:09:52.500000+00:00,17.6874,17.7126,17.679,17,sell
2025-10-24 13:09:55+00:00,17.6852,17.7148,17.6995,9,sell
2025-10-24 13:09:57.500000+00:00,17.6907,17.7093,17.714,17,buy
2025-10-24 13:10:00+00:00,17.685,17.7153,17.7126,808,buy
2025-10-24 13:10:02.307692+00:00,17.6879,17.7156,17.7142,521,buy
2025-10-24 13:10:04.615384+00:00,17.6865,17.7203,17.693,83,sell
2025-10-24 13:10:06.923076+00:00,17.6948,17.7172,17.705,597,sell
2025-10-24 13:10:09.230768+00:00,17.6955,17.719,17.7138,1143,buy
2025-10-24 13:10:11.538460+00:00,17.6942,17.7255,17.7117,649,buy
2025-10-24 13:10:13.846152+00:00,17.6999,17.7235,17.6917,652,sell
2025-10-24 13:10:16.153844+00:00,17.7035,17.7235,17.7099,1197,buy
2025-10-24 13:10:18.461536+00:00,17.6986,17.7316,17.7009,541,sell
2025-10-24 13:10:20.769228+00:00,17.7,17.7339,17.7469,960,buy
2025-10-24 13:10:23.076920+00:00,17.7047,17.7347,17.7,706,sell
2025-10-24 13:10:25.384612+00:00,17.7085,17.7331,17.7293,778,buy
2025-10-24 13:10:27.692304+00:00,17.7089,17.7372,17.7013,757,sell
2025-10-24 13:10:29.999996+00:00,17.7129,17.7376,17.7141,466,sell
2025-10-24 13:10:32.307688+00:00,17.7162,17.737,17.718,908,sell
2025-10-24 13:10:34.615380+00:00,17.7205,17.7364,17.7273,808,buy
2025-10-24 13:10:36.923072+00:00,17.7156,17.7444,17.7054,453,sell
2025-10-24 13:10:39.230764+00:00,17.7168,17.7432,17.7194,226,sell
2025-10-24 13:10:41.538456+00:00,17.7137,17.7463,17.7384,661,buy
2025-10-24 13:10:43.846148+00:00,17.7157,17.7443,17.7418,743,buy
2025-10-24 13:10:46.153840+00:00,17.7107,17.7493,17.7099,618,sell
2025-10-24 13:10:48.461532+00:00,17.7162,17.7438,17.7465,609,buy
2025-10-24 13:10:50.769224+00:00,17.7134,17.7466,17.7228,676,sell
2025-10-24 13:10:53.076916+00:00,17.7156,17.7444,17.7474,905,buy
2025-10-24 13:10:55.384608+00:00,17.7183,17.7417,17.7364,542,buy
2025-10-24 13:10:57.692300+00:00,17.722,17.738,17.7342,482,buy
2025-10-24 13:11:00+00:00,17.7168,17.7432,17.7561,3,buy
2025-10-24 13:11:02.500000+00:00,17.7158,17.7442,17.7308,8,buy
2025-10-24 13:11:05+00:00,17.7186,17.7414,17.7438,8,buy
2025-10-24 13:11:07.500000+00:00,17.7208,17.7392,17.7348,7,sell
2025-10-24 13:11:10+00:00,17.7122,17.7478,17.6986,14,sell
2025-10-24 13:11:12.500000+00:00,17.7142,17.7458,17.7584,15,buy
2025-10-24 13:11:15+00:00,17.7187,17.7413,17.7277,8,sell
2025-10-24 13:11:17.500000+00:00,17.7113,17.7487,17.7051,10,sell
2025-10-24 13:11:20+00:00,17.7214,17.7386,17.7276,6,sell
2025-10-24 13:11:22.500000+00:00,17.7146,17.7454,17.7329,2,buy
2025-10-24 13:11:25+00:00,17.7137,17.7463,17.7194,8,sell
2025-10-24 13:11:27.500000+00:00,17.716,17.744,17.7324,9,buy
2025-10-24 13:11:30+00:00,17.7169,17.7431,17.7201,9,sell
2025-10-24 13:11:32.500000+00:00,17.7121,17.7479,17.7244,12,sell
2025-10-24 13:11:35+00:00,17.7181,17.7419,17.7249,6,buy
2025-10-24 13:11:37.500000+00:00,17.7122,17.7478,17.7393,8,buy
2025-10-24 13:11:40+00:00,17.7114,17.7486,17.7368,12,buy
2025-10-24 13:11:42.500000+00:00,17.7139,17.7461,17.7057,8,sell
2025-10-24 13:11:45+00:00,17.7136,17.7464,17.7106,6,sell
2025-10-24 13:11:47.500000+00:00,17.7168,17.7432,17.7426,7,buy
2025-10-24 13:11:50+00:00,17.719,17.741,17.7189,6,sell
2025-10-24 13:11:52.500000+00:00,17.7155,17.7445,17.7464,7,buy
2025-10-24 13:11:55+00:00,17.7198,17.7402,17.706,4,sell
2025-10-24 13:11:57.500000+00:00,17.7167,17.7433,17.7329,7,sell
2025-10-24 13:12:00+00:00,17.7189,17.7411,17.7468,3,buy
2025-10-24 13:12:02.307692+00:00,17.7173,17.7427,17.7271,2,sell
2025-10-24 13:12:04.615384+00:00,17.7161,17.7439,17.7474,3,buy
2025-10-24 13:12:06.923076+00:00,17.7164,17.7436,17.7195,4,sell
2025-10-24 13:12:09.230768+00:00,17.717,17.743,17.7493,3,buy
2025-10-24 13:12:11.538460+00:00,17.7181,17.7419,17.7514,5,buy
2025-10-24 13:12:13.846152+00:00,17.7188,17.7412,17.7356,4,sell
2025-10-24 13:12:16.153844+00:00,17.7188,17.7412,17.7588,5,buy
2025-10-24 13:12:18.461536+00:00,17.7156,17.7444,17.7015,3,sell
2025-10-24 13:12:20.769228+00:00,17.7179,17.7421,17.7322,4,sell
2025-10-24 13:12:23.076920+00:00,17.7158,17.7442,17.7493,6,buy
2025-10-24 13:12:25.384612+00:00,17.7143,17.7457,17.7028,3,sell
2025-10-24 13:12:27.692304+00:00,17.7155,17.7445,17.7361,2,buy
2025-10-24 13:12:29.999996+00:00,17.7179,17.7421,17.7371,2,buy
2025-10-24 13:12:32.307688+00:00,17.7119,17.7481,17.6965,3,sell
2025-10-24 13:12:34.615380+00:00,17.7137,17.7463,17.704,3,sell
2025-10-24 13:12:36.923072+00:00,17.7175,17.7425,17.7232,4,sell
2025-10-24 13:12:39.230764+00:00,17.7164,17.7436,17.7597,4,buy
2025-10-24 13:12:41.538456+00:00,17.7151,17.7449,17.7606,4,buy
2025-10-24 13:12:43.846148+00:00,17.7189,17.7411,17.7255,2,sell
2025-10-24 13:12:46.153840+00:00,17.7214,17.7386,17.7561,1,buy
2025-10-24 13:12:48.461532+00:00,17.7178,17.7422,17.7293,3,buy
2025-10-24 13:12:50.769224+00:00,17.7132,17.7468,17.7602,2,buy
2025-10-24 13:12:53.076916+00:00,17.7142,17.7458,17.7178,4,sell
2025-10-24 13:12:55.384608+00:00,17.7172,17.7428,17.7149,4,sell
2025-10-24 13:12:57.692300+00:00,17.7176,17.7424,17.7334,2,buy
2025-10-24 13:13:00+00:00,17.7338,17.7659,17.7232,166,sell
2025-10-24 13:13:02.608696+00:00,17.74,17.7622,17.7559,279,sell
2025-10-24 13:13:05.217392+00:00,17.7379,17.7684,17.7206,142,sell
2025-10-24 13:13:07.826088+00:00,17.7393,17.7686,17.7367,339,sell
2025-10-24 13:13:10.434784+00:00,17.742,17.7694,17.7361,266,sell
2025-10-24 13:13:13.043480+00:00,17.7482,17.7665,17.7538,95,buy
2025-10-24 13:13:15.652176+00:00,17.7442,17.7731,17.7324,302,sell
2025-10-24 13:13:18.260872+00:00,17.7463,17.774,17.7735,170,buy
2025-10-24 13:13:20.869568+00:00,17.7466,17.7765,17.7618,147,buy
2025-10-24 13:13:23.478264+00:00,17.7467,17.7786,17.7502,359,sell
2025-10-24 13:13:26.086960+00:00,17.7496,17.7794,17.7734,181,buy
2025-10-24 13:13:28.695656+00:00,17.7535,17.7786,17.7686,235,buy
2025-10-24 13:13:31.304352+00:00,17.7552,17.7799,17.7928,271,buy
2025-10-24 13:13:33.913048+00:00,17.7549,17.7831,17.7383,326,sell
2025-10-24 13:13:36.521744+00:00,17.759,17.781,17.7835,341,buy
2025-10-24 13:13:39.130440+00:00,17.7561,17.7839,17.7776,174,buy
2025-10-24 13:13:41.739136+00:00,17.7592,17.7808,17.7944,246,buy
2025-10-24 13:13:44.347832+00:00,17.7528,17.7872,17.788,79,buy
2025-10-24 13:13:46.956528+00:00,17.7532,17.7868,17.7694,262,buy
2025-10-24 13:13:49.565224+00:00,17.7543,17.7857,17.7554,387,sell
2025-10-24 13:13:52.173920+00:00,17.7579,17.7821,17.7858,261,buy
2025-10-24 13:13:54.782616+00:00,17.7589,17.7811,17.7714,338,sell
2025-10-24 13:13:57.391312+00:00,17.7573,17.7827,17.7912,325,buy
2025-10-24 13:14:00+00:00,17.758,17.7818,17.7582,178,sell
2025-10-24 13:14:02.400000+00:00,17.7539,17.7853,17.8025,272,buy
2025-10-24 13:14:04.800000+00:00,17.7546,17.7831,17.7545,242,sell
2025-10-24 13:14:07.200000+00:00,17.7507,17.7854,17.743,355,sell
2025-10-24 13:14:09.600000+00:00,17.7514,17.7829,17.7941,395,buy
2025-10-24 13:14:12+00:00,17.7508,17.7828,17.7647,199,sell
2025-10-24 13:14:14.400000+00:00,17.7551,17.7762,17.7483,94,sell
2025-10-24 13:14:16.800000+00:00,17.7538,17.7765,17.7833,250,buy
2025-10-24 13:14:19.200000+00:00,17.7485,17.7808,17.7967,369,buy
2025-10-24 13:14:21.600000+00:00,17.7517,17.7764,17.7468,396,sell
2025-10-24 13:14:24+00:00,17.7515,17.775,17.7565,175,sell
2025-10-24 13:14:26.400000+00:00,17.7482,17.7771,17.7397,62,sell
2025-10-24 13:14:28.800000+00:00,17.7498,17.7739,17.7471,240,sell
2025-10-24 13:14:31.200000+00:00,17.7485,17.7739,17.7658,375,buy
2025-10-24 13:14:33.600000+00:00,17.7494,17.7719,17.7639,285,sell
2025-10-24 13:14:36+00:00,17.7492,17.7708,17.7621,226,sell
2025-10-24 13:14:38.400000+00:00,17.7457,17.7727,17.7887,217,buy
2025-10-24 13:14:40.800000+00:00,17.7456,17.7715,17.7443,349,sell
2025-10-24 13:14:43.200000+00:00,17.7498,17.7659,17.7472,129,sell
2025-10-24 13:14:45.600000+00:00,17.7453,17.7692,17.7624,166,buy
2025-10-24 13:14:48+00:00,17.7451,17.768,17.7479,292,sell
2025-10-24 13:14:50.400000+00:00,17.7447,17.767,17.7423,117,sell
2025-10-24 13:14:52.800000+00:00,17.7436,17.7665,17.7742,393,buy
2025-10-24 13:14:55.200000+00:00,17.7444,17.7648,17.7515,220,buy
2025-10-24 13:14:57.600000+00:00,17.7414,17.7666,17.7379,293,sell
2025-10-24 13:15:00+00:00,17.7556,17.7844,17.7669,3,sell
2025-10-24 13:15:02.500000+00:00,17.7558,17.7829,17.7621,4,sell
2025-10-24 13:15:05+00:00,17.7576,17.7797,17.74,7,sell
2025-10-24 13:15:07.500000+00:00,17.7564,17.7796,17.7844,8,buy
2025-10-24 13:15:10+00:00,17.7558,17.7786,17.7847,0,buy
2025-10-24 13:15:12.500000+00:00,17.7478,17.7851,17.7932,9,buy
2025-10-24 13:15:15+00:00,17.747,17.7847,17.7526,16,sell
2025-10-24 13:15:17.500000+00:00,17.7498,17.7805,17.7697,8,buy
2025-10-24 13:15:20+00:00,17.756,17.773,17.7683,5,buy
2025-10-24 13:15:22.500000+00:00,17.7476,17.7796,17.7808,18,buy
2025-10-24 13:15:25+00:00,17.7487,17.7774,17.7343,7,sell
2025-10-24 13:15:27.500000+00:00,17.7511,17.7736,17.7677,5,sell
2025-10-24 13:15:30+00:00,17.7477,17.7756,17.7414,12,sell
2025-10-24 13:15:32.500000+00:00,17.7478,17.7741,17.7634,4,sell
2025-10-24 13:15:35+00:00,17.7452,17.7752,17.7481,10,sell
2025-10-24 13:15:37.500000+00:00,17.7465,17.7735,17.7314,5,sell
2025-10-24 13:15:40+00:00,17.7461,17.7739,17.7602,11,sell
2025-10-24 13:15:42.500000+00:00,17.7437,17.7763,17.7446,1,sell
2025-10-24 13:15:45+00:00,17.7492,17.7708,17.7631,5,sell
2025-10-24 13:15:47.500000+00:00,17.748,17.772,17.7644,11,sell
2025-10-24 13:15:50+00:00,17.7464,17.7736,17.7814,13,buy
2025-10-24 13:15:52.500000+00:00,17.7493,17.7707,17.7669,10,sell
2025-10-24 13:15:55+00:00,17.7492,17.7708,17.7586,12,sell
2025-10-24 13:15:57.500000+00:00,17.7479,17.7721,17.7547,4,sell
2025-10-24 13:16:00+00:00,17.7414,17.7586,17.7651,0,buy
2025-10-24 13:16:02.608696+00:00,17.7398,17.7602,17.7232,21,sell
2025-10-24 13:16:05.217392+00:00,17.7312,17.7688,17.7815,19,buy
2025-10-24 13:16:07.826088+00:00,17.7313,17.7687,17.735,7,sell
2025-10-24 13:16:10.434784+00:00,17.7378,17.7622,17.7642,7,buy
2025-10-24 13:16:13.043480+00:00,17.7368,17.7632,17.7468,20,buy
2025-10-24 13:16:15.652176+00:00,17.7394,17.7606,17.7512,16,buy
2025-10-24 13:16:18.260872+00:00,17.7341,17.7659,17.7763,11,buy
2025-10-24 13:16:20.869568+00:00,17.7377,17.7623,17.7765,18,buy
2025-10-24 13:16:23.478264+00:00,17.7345,17.7655,17.7713,23,buy
2025-10-24 13:16:26.086960+00:00,17.7331,17.7669,17.779,25,buy
2025-10-24 13:16:28.695656+00:00,17.7384,17.7616,17.7726,14,buy
2025-10-24 13:16:31.304352+00:00,17.7366,17.7634,17.748,15,buy
2025-10-24 13:16:33.913048+00:00,17.7384,17.7616,17.7775,20,buy
2025-10-24 13:16:36.521744+00:00,17.7392,17.7608,17.7667,5,buy
2025-10-24 13:16:39.130440+00:00,17.7414,17.7586,17.7367,22,sell
2025-10-24 13:16:41.739136+00:00,17.7373,17.7627,17.7776,30,buy
2025-10-24 13:16:44.347832+00:00,17.7374,17.7626,17.7501,11,sell
2025-10-24 13:16:46.956528+00:00,17.7381,17.7619,17.7421,14,sell
2025-10-24 13:16:49.565224+00:00,17.7388,17.7612,17.7434,26,sell
2025-10-24 13:16:52.173920+00:00,17.7348,17.7652,17.74,23,sell
2025-10-24 13:16:54.782616+00:00,17.7372,17.7628,17.7314,26,sell
2025-10-24 13:16:57.391312+00:00,17.7331,17.7669,17.7318,14,sell
2025-10-24 13:17:00+00:00,17.7382,17.7618,17.7484,208,buy
2025-10-24 13:17:02.727273+00:00,17.7339,17.7687,17.7227,161,sell
2025-10-24 13:17:05.454546+00:00,17.7411,17.7649,17.7417,189,sell
2025-10-24 13:17:08.181819+00:00,17.7405,17.7686,17.7535,302,sell
2025-10-24 13:17:10.909092+00:00,17.7474,17.765,17.7417,242,sell
2025-10-24 13:17:13.636365+00:00,17.7422,17.7729,17.772,215,buy
2025-10-24 13:17:16.363638+00:00,17.7475,17.7708,17.7755,126,buy
2025-10-24 13:17:19.090911+00:00,17.7477,17.7738,17.7762,237,buy
2025-10-24 13:17:21.818184+00:00,17.7492,17.7751,17.7708,85,buy
2025-10-24 13:17:24.545457+00:00,17.7513,17.7761,17.7634,254,sell
2025-10-24 13:17:27.272730+00:00,17.7493,17.7814,17.7452,198,sell
2025-10-24 13:17:30.000003+00:00,17.7555,17.7785,17.7795,128,buy
2025-10-24 13:17:32.727276+00:00,17.7581,17.7786,17.767,8,sell
2025-10-24 13:17:35.454549+00:00,17.7583,17.7813,17.7775,37,buy
2025-10-24 13:17:38.181822+00:00,17.7603,17.7797,17.7945,121,buy
2025-10-24 13:17:40.909095+00:00,17.7547,17.7853,17.7662,225,sell
2025-10-24 13:17:43.636368+00:00,17.7517,17.7883,17.7751,112,buy
2025-10-24 13:17:46.363641+00:00,17.7577,17.7823,17.7518,113,sell
2025-10-24 13:17:49.090914+00:00,17.7575,17.7825,17.7791,260,buy
2025-10-24 13:17:51.818187+00:00,17.7577,17.7823,17.7562,263,sell
2025-10-24 13:17:54.545460+00:00,17.7525,17.7875,17.7465,253,sell
2025-10-24 13:17:57.272733+00:00,17.7593,17.7807,17.7634,153,sell
2025-10-24 13:18:00+00:00,17.7422,17.7778,17.7325,2,sell
2025-10-24 13:18:02.400000+00:00,17.7405,17.7795,17.7712,0,buy
2025-10-24 13:18:04.800000+00:00,17.7506,17.7694,17.742,2,sell
2025-10-24 13:18:07.200000+00:00,17.7484,17.7716,17.7662,3,buy
2025-10-24 13:18:09.600000+00:00,17.7522,17.7678,17.7651,2,sell
2025-10-24 13:18:12+00:00,17.7437,17.7763,17.7869,5,buy
2025-10-24 13:18:14.400000+00:00,17.7457,17.7743,17.7654,7,buy
2025-10-24 13:18:16.800000+00:00,17.7481,17.7719,17.7652,5,sell
2025-10-24 13:18:19.200000+00:00,17.747,17.773,17.7693,3,buy
2025-10-24 13:18:21.600000+00:00,17.7486,17.7714,17.7628,5,sell
2025-10-24 13:18:24+00:00,17.7491,17.7709,17.7401,2,sell
2025-10-24 13:18:26.400000+00:00,17.746,17.774,17.7314,0,sell
2025-10-24 13:18:28.800000+00:00,17.7478,17.7722,17.7823,7,buy
2025-10-24 13:18:31.200000+00:00,17.7437,17.7763,17.7876,3,buy
2025-10-24 13:18:33.600000+00:00,17.7445,17.7755,17.7585,6,buy
2025-10-24 13:18:36+00:00,17.7416,17.7784,17.7942,2,buy
2025-10-24 13:18:38.400000+00:00,17.7506,17.7694,17.7615,1,buy
2025-10-24 13:18:40.800000+00:00,17.7442,17.7758,17.7353,5,sell
2025-10-24 13:18:43.200000+00:00,17.7451,17.7749,17.7904,6,buy
2025-10-24 13:18:45.600000+00:00,17.7485,17.7715,17.7557,4,sell
2025-10-24 13:18:48+00:00,17.7448,17.7752,17.7895,4,buy
2025-10-24 13:18:50.400000+00:00,17.7426,17.7774,17.7715,5,buy
2025-10-24 13:18:52.800000+00:00,17.7477,17.7723,17.7494,5,sell
2025-10-24 13:18:55.200000+00:00,17.7467,17.7733,17.7795,4,buy
2025-10-24 13:18:57.600000+00:00,17.7456,17.7744,17.7415,2,sell
2025-10-24 13:19:00+00:00,17.7382,17.7618,17.7747,92,buy
2025-10-24 13:19:03+00:00,17.732,17.768,17.7169,70,sell
2025-10-24 13:19:06+00:00,17.7409,17.7591,17.7665,124,buy
2025-10-24 13:19:09+00:00,17.7372,17.7628,17.727,91,sell
2025-10-24 13:19:12+00:00,17.736,17.764,17.7185,100,sell
2025-10-24 13:19:15+00:00,17.7367,17.7633,17.7483,63,sell
2025-10-24 13:19:18+00:00,17.7377,17.7623,17.7491,36,sell
2025-10-24 13:19:21+00:00,17.733,17.767,17.7499,82,buy
2025-10-24 13:19:24+00:00,17.7375,17.7625,17.7502,88,sell
2025-10-24 13:19:27+00:00,17.7346,17.7654,17.7332,7,sell
2025-10-24 13:19:30+00:00,17.7425,17.7575,17.76,18,sell
2025-10-24 13:19:33+00:00,17.7379,17.7621,17.7478,137,sell
2025-10-24 13:19:36+00:00,17.7403,17.7597,17.756,90,sell
2025-10-24 13:19:39+00:00,17.7321,17.7679,17.7273,82,sell
2025-10-24 13:19:42+00:00,17.7356,17.7644,17.7501,90,buy
2025-10-24 13:19:45+00:00,17.7395,17.7605,17.768,94,buy
2025-10-24 13:19:48+00:00,17.7355,17.7645,17.7306,91,sell
2025-10-24 13:19:51+00:00,17.734,17.766,17.7834,35,buy
2025-10-24 13:19:54+00:00,17.7411,17.7589,17.7494,128,buy
2025-10-24 13:19:57+00:00,17.7359,17.7641,17.7636,71,buy
2025-10-24 13:20:00+00:00,17.7237,17.7564,17.739,71,buy
2025-10-24 13:20:03.157895+00:00,17.7234,17.7584,17.75,116,buy
2025-10-24 13:20:06.315790+00:00,17.7266,17.7569,17.7095,91,sell
2025-10-24 13:20:09.473685+00:00,17.7249,17.7603,17.7245,100,sell
2025-10-24 13:20:12.631580+00:00,17.7321,17.755,17.7484,29,buy
2025-10-24 13:20:15.789475+00:00,17.729,17.76,17.7772,41,buy
2025-10-24 13:20:18.947370+00:00,17.731,17.7598,17.7288,87,sell
2025-10-24 13:20:22.105265+00:00,17.7306,17.7619,17.7667,83,buy
2025-10-24 13:20:25.263160+00:00,17.7378,17.7565,17.7679,67,buy
2025-10-24 13:20:28.421055+00:00,17.7326,17.7633,17.7767,105,buy
2025-10-24 13:20:31.578950+00:00,17.739,17.7587,17.7502,78,buy
2025-10-24 13:20:34.736845+00:00,17.7411,17.7584,17.7673,91,buy
2025-10-24 13:20:37.894740+00:00,17.7358,17.7642,17.7693,60,buy
2025-10-24 13:20:41.052635+00:00,17.736,17.764,17.7227,79,sell
2025-10-24 13:20:44.210530+00:00,17.737,17.763,17.7327,117,sell
2025-10-24 13:20:47.368425+00:00,17.7383,17.7617,17.7605,112,buy
2025-10-24 13:20:50.526320+00:00,17.7355,17.7645,17.76,42,buy
2025-10-24 13:20:53.684215+00:00,17.738,17.762,17.7427,106,sell
2025-10-24 13:20:56.842110+00:00,17.7384,17.7616,17.7718,116,buy
2025-10-24 13:21:00+00:00,17.7193,17.7409,17.7073,8,sell
2025-10-24 13:21:03+00:00,17.7167,17.7482,17.7494,17,buy
2025-10-24 13:21:06+00:00,17.7239,17.7464,17.7306,28,sell
2025-10-24 13:21:09+00:00,17.7255,17.7499,17.749,18,buy
2025-10-24 13:21:12+00:00,17.7243,17.7559,17.7221,9,sell
2025-10-24 13:21:15+00:00,17.7273,17.7576,17.7652,16,buy
2025-10-24 13:21:18+00:00,17.736,17.7547,17.7656,6,buy
2025-10-24 13:21:21+00:00,17.7364,17.759,17.7504,30,sell
2025-10-24 13:21:24+00:00,17.7378,17.7628,17.7471,25,buy
2025-10-24 13:21:27+00:00,17.7389,17.7661,17.7647,15,buy
2025-10-24 13:21:30+00:00,17.7408,17.7699,17.7628,25,buy
2025-10-24 13:21:33+00:00,17.7423,17.7731,17.7712,24,buy
2025-10-24 13:21:36+00:00,17.7499,17.7701,17.779,15,buy
2025-10-24 13:21:39+00:00,17.7401,17.7799,17.7529,22,sell
2025-10-24 13:21:42+00:00,17.7466,17.7734,17.7558,32,buy
2025-10-24 13:21:45+00:00,17.7496,17.7704,17.7588,20,buy
2025-10-24 13:21:48+00:00,17.747,17.773,17.7722,18,buy
2025-10-24 13:21:51+00:00,17.7441,17.7759,17.7511,26,sell
2025-10-24 13:21:54+00:00,17.7541,17.7659,17.7394,15,sell
2025-10-24 13:21:57+00:00,17.7436,17.7764,17.7569,20,sell
2025-10-24 13:22:00+00:00,17.7272,17.7528,17.741,32,buy
2025-10-24 13:22:02.857143+00:00,17.7234,17.7566,17.7426,50,buy
2025-10-24 13:22:05.714286+00:00,17.7278,17.7522,17.7402,40,buy
2025-10-24 13:22:08.571429+00:00,17.7258,17.7542,17.7516,51,buy
2025-10-24 13:22:11.428572+00:00,17.7287,17.7513,17.7202,60,sell
2025-10-24 13:22:14.285715+00:00,17.7277,17.7523,17.7427,55,buy
2025-10-24 13:22:17.142858+00:00,17.7252,17.7548,17.7146,29,sell
2025-10-24 13:22:20.000001+00:00,17.7246,17.7554,17.7328,23,sell
2025-10-24 13:22:22.857144+00:00,17.7282,17.7518,17.7407,23,buy
2025-10-24 13:22:25.714287+00:00,17.728,17.752,17.7383,55,sell
2025-10-24 13:22:28.571430+00:00,17.7262,17.7538,17.7243,48,sell
2025-10-24 13:22:31.428573+00:00,17.7229,17.7571,17.7476,51,buy
2025-10-24 13:22:34.285716+00:00,17.731,17.749,17.7488,41,buy
2025-10-24 13:22:37.142859+00:00,17.7295,17.7505,17.7386,66,buy
2025-10-24 13:22:40.000002+00:00,17.7281,17.7519,17.7372,53,buy
2025-10-24 13:22:42.857145+00:00,17.7298,17.7502,17.721,41,sell
2025-10-24 13:22:45.714288+00:00,17.7274,17.7526,17.7445,16,buy
2025-10-24 13:22:48.571431+00:00,17.7276,17.7524,17.7542,26,buy
2025-10-24 13:22:51.428574+00:00,17.7263,17.7537,17.7407,45,sell
2025-10-24 13:22:54.285717+00:00,17.7289,17.7511,17.7667,26,buy
2025-10-24 13:22:57.142860+00:00,17.726,17.754,17.7385,59,buy
2025-10-24 13:23:00+00:00,17.7203,17.7397,17.7242,25,buy
2025-10-24 13:23:03.333333+00:00,17.7204,17.7377,17.7027,62,sell
2025-10-24 13:23:06.666666+00:00,17.7142,17.7422,17.746,85,buy
2025-10-24 13:23:09.999999+00:00,17.7117,17.7428,17.7011,81,sell
2025-10-24 13:23:13.333332+00:00,17.7108,17.7416,17.7296,57,buy
2025-10-24 13:23:16.666665+00:00,17.7144,17.7362,17.7272,40,sell
2025-10-24 13:23:19.999998+00:00,17.7107,17.738,17.7216,98,buy
2025-10-24 13:23:23.333331+00:00,17.7104,17.7363,17.7226,49,buy
2025-10-24 13:23:26.666664+00:00,17.7046,17.7403,17.7525,57,buy
2025-10-24 13:23:29.999997+00:00,17.7059,17.7372,17.7533,27,buy
2025-10-24 13:23:33.333330+00:00,17.7066,17.7347,17.7102,54,sell
2025-10-24 13:23:36.666663+00:00,17.7061,17.7339,17.7292,84,buy
2025-10-24 13:23:39.999996+00:00,17.7019,17.7381,17.7391,72,buy
2025-10-24 13:23:43.333329+00:00,17.7061,17.7339,17.7168,59,sell
2025-10-24 13:23:46.666662+00:00,17.7115,17.7285,17.7045,82,sell
2025-10-24 13:23:49.999995+00:00,17.7097,17.7303,17.6973,30,sell
2025-10-24 13:23:53.333328+00:00,17.7079,17.7321,17.6967,16,sell
2025-10-24 13:23:56.666661+00:00,17.7045,17.7355,17.731,113,buy
2025-10-24 13:24:00+00:00,17.7043,17.7357,17.7433,13,buy
2025-10-24 13:24:02.608696+00:00,17.7054,17.7346,17.7213,26,sell
2025-10-24 13:24:05.217392+00:00,17.7056,17.7344,17.7302,24,buy
2025-10-24 13:24:07.826088+00:00,17.7028,17.7372,17.7389,34,buy
2025-10-24 13:24:10.434784+00:00,17.7076,17.7324,17.7126,10,sell
2025-10-24 13:24:13.043480+00:00,17.7065,17.7335,17.6946,25,sell
2025-10-24 13:24:15.652176+00:00,17.7072,17.7328,17.7477,28,buy
2025-10-24 13:24:18.260872+00:00,17.7032,17.7368,17.7418,38,buy
2025-10-24 13:24:20.869568+00:00,17.7024,17.7376,17.7046,29,sell
2025-10-24 13:24:23.478264+00:00,17.7101,17.7299,17.7125,32,sell
2025-10-24 13:24:26.086960+00:00,17.7093,17.7307,17.7439,27,buy
2025-10-24 13:24:28.695656+00:00,17.7067,17.7333,17.6979,17,sell
2025-10-24 13:24:31.304352+00:00,17.71,17.73,17.7198,28,sell
2025-10-24 13:24:33.913048+00:00,17.7071,17.7329,17.7015,24,sell
2025-10-24 13:24:36.521744+00:00,17.7072,17.7328,17.6924,30,sell
2025-10-24 13:24:39.130440+00:00,17.7072,17.7328,17.6898,26,sell
2025-10-24 13:24:41.739136+00:00,17.7069,17.7331,17.699,21,sell
2025-10-24 13:24:44.347832+00:00,17.7059,17.7341,17.7179,23,sell
2025-10-24 13:24:46.956528+00:00,17.7083,17.7317,17.7258,41,sell
2025-10-24 13:24:49.565224+00:00,17.7103,17.7297,17.7064,11,sell
2025-10-24 13:24:52.173920+00:00,17.7055,17.7345,17.7248,40,buy
2025-10-24 13:24:54.782616+00:00,17.7066,17.7334,17.7039,29,sell
2025-10-24 13:24:57.391312+00:00,17.7094,17.7306,17.715,13,sell
2025-10-24 13:26:00+00:00,17.7054,17.7346,17.7201,20,buy
2025-10-24 13:26:02.857143+00:00,17.7047,17.7353,17.7242,50,buy
2025-10-24 13:26:05.714286+00:00,17.7101,17.7299,17.7193,59,buy
2025-10-24 13:26:08.571429+00:00,17.7046,17.7354,17.7524,37,buy
2025-10-24 13:26:11.428572+00:00,17.7019,17.7381,17.7078,58,sell
2025-10-24 13:26:14.285715+00:00,17.7102,17.7298,17.6978,54,sell
2025-10-24 13:26:17.142858+00:00,17.709,17.731,17.7454,68,buy
2025-10-24 13:26:20.000001+00:00,17.7075,17.7325,17.7245,64,sell
2025-10-24 13:26:22.857144+00:00,17.7048,17.7352,17.7173,52,sell
2025-10-24 13:26:25.714287+00:00,17.7053,17.7347,17.7369,67,buy
2025-10-24 13:26:28.571430+00:00,17.7094,17.7306,17.71,35,sell
2025-10-24 13:26:31.428573+00:00,17.7038,17.7362,17.7483,50,buy
2025-10-24 13:26:34.285716+00:00,17.7088,17.7312,17.7113,32,sell
2025-10-24 13:26:37.142859+00:00,17.7063,17.7337,17.7085,45,sell
2025-10-24 13:26:40.000002+00:00,17.7032,17.7368,17.6864,27,sell
2025-10-24 13:26:42.857145+00:00,17.7084,17.7316,17.7382,56,buy
2025-10-24 13:26:45.714288+00:00,17.7081,17.7319,17.7175,29,sell
2025-10-24 13:26:48.571431+00:00,17.7099,17.7301,17.6953,59,sell
2025-10-24 13:26:51.428574+00:00,17.7065,17.7335,17.722,19,sell
2025-10-24 13:26:54.285717+00:00,17.709,17.731,17.7102,31,sell
2025-10-24 13:26:57.142860+00:00,17.7092,17.7308,17.6957,77,sell
2025-10-24 13:27:00+00:00,17.7177,17.7423,17.7102,5,sell
2025-10-24 13:27:03+00:00,17.7134,17.7466,17.7262,81,sell
2025-10-24 13:27:06+00:00,17.7179,17.7421,17.7261,26,sell
2025-10-24 13:27:09+00:00,17.7182,17.7418,17.7258,34,buy
2025-10-24 13:27:12+00:00,17.7143,17.7457,17.7407,12,buy
2025-10-24 13:27:15+00:00,17.7167,17.7433,17.7205,60,sell
2025-10-24 13:27:18+00:00,17.715,17.745,17.7144,55,sell
2025-10-24 13:27:21+00:00,17.7161,17.7439,17.7301,64,sell
2025-10-24 13:27:24+00:00,17.7204,17.7396,17.735,30,buy
2025-10-24 13:27:27+00:00,17.7184,17.7416,17.7503,60,buy
2025-10-24 13:27:30+00:00,17.7178,17.7422,17.7509,66,buy
2025-10-24 13:27:33+00:00,17.7172,17.7428,17.7518,45,buy
2025-10-24 13:27:36+00:00,17.7128,17.7472,17.6971,35,sell
2025-10-24 13:27:39+00:00,17.7163,17.7437,17.7005,27,sell
2025-10-24 13:27:42+00:00,17.7191,17.7409,17.7367,47,sell
2025-10-24 13:27:45+00:00,17.7206,17.7394,17.7346,41,sell
2025-10-24 13:27:48+00:00,17.722,17.738,17.7391,27,buy
2025-10-24 13:27:51+00:00,17.7156,17.7444,17.7079,22,sell
2025-10-24 13:27:54+00:00,17.7187,17.7413,17.7292,39,buy
2025-10-24 13:27:57+00:00,17.7184,17.7416,17.7463,12,buy
2025-10-24 13:28:00+00:00,17.7292,17.7508,17.7549,0,buy
2025-10-24 13:28:03.529412+00:00,17.726,17.754,17.7673,0,buy
2025-10-24 13:28:07.058824+00:00,17.7241,17.7559,17.7334,0,sell
2025-10-24 13:28:10.588236+00:00,17.7284,17.7516,17.7454,0,buy
2025-10-24 13:28:14.117648+00:00,17.7289,17.7511,17.7419,0,sell
2025-10-24 13:28:17.647060+00:00,17.7218,17.7582,17.7354,0,sell
2025-10-24 13:28:21.176472+00:00,17.7259,17.7541,17.7671,0,buy
2025-10-24 13:28:24.705884+00:00,17.7268,17.7532,17.7193,0,sell
2025-10-24 13:28:28.235296+00:00,17.7291,17.7509,17.7455,0,buy
2025-10-24 13:28:31.764708+00:00,17.7251,17.7549,17.7397,0,buy
2025-10-24 13:28:35.294120+00:00,17.7206,17.7594,17.7063,0,sell
2025-10-24 13:28:38.823532+00:00,17.7252,17.7548,17.742,0,buy
2025-10-24 13:28:42.352944+00:00,17.7254,17.7546,17.7328,0,sell
2025-10-24 13:28:45.882356+00:00,17.7259,17.7541,17.7574,0,buy
2025-10-24 13:28:49.411768+00:00,17.7267,17.7533,17.7465,0,buy
2025-10-24 13:28:52.941180+00:00,17.7253,17.7547,17.7287,0,sell
2025-10-24 13:28:56.470592+00:00,17.7278,17.7522,17.7385,0,buy
2025-10-24 13:29:00+00:00,17.7195,17.7405,17.7518,15,buy
2025-10-24 13:29:03.529412+00:00,17.7188,17.7433,17.7518,4,buy
2025-10-24 13:29:07.058824+00:00,17.7203,17.7438,17.7567,15,buy
2025-10-24 13:29:10.588236+00:00,17.7144,17.7517,17.7498,18,buy
2025-10-24 13:29:14.117648+00:00,17.7225,17.7456,17.7414,8,buy
2025-10-24 13:29:17.647060+00:00,17.7215,17.7485,17.734,10,buy
2025-10-24 13:29:21.176472+00:00,17.7242,17.7478,17.7541,12,buy
2025-10-24 13:29:24.705884+00:00,17.7223,17.7518,17.7374,15,buy
2025-10-24 13:29:28.235296+00:00,17.7256,17.7505,17.7521,22,buy
2025-10-24 13:29:31.764708+00:00,17.7309,17.747,17.7583,11,buy
2025-10-24 13:29:35.294120+00:00,17.734,17.746,17.7513,4,buy
2025-10-24 13:29:38.823532+00:00,17.729,17.751,17.7429,11,buy
2025-10-24 13:29:42.352944+00:00,17.7238,17.7562,17.7187,8,sell
2025-10-24 13:29:45.882356+00:00,17.7255,17.7545,17.7578,17,buy
2025-10-24 13:29:49.411768+00:00,17.7272,17.7528,17.7279,10,sell
2025-10-24 13:29:52.941180+00:00,17.7261,17.7539,17.742,8,buy
2025-10-24 13:29:56.470592+00:00,17.7226,17.7574,17.7735,3,buy
2025-10-24 13:30:00+00:00,17.7296,17.7503,17.7239,125,sell
2025-10-24 13:30:03+00:00,17.7282,17.7499,17.7359,100,buy
2025-10-24 13:30:06+00:00,17.7265,17.7501,17.7226,224,sell
2025-10-24 13:30:09+00:00,17.7179,17.7572,17.7448,182,buy
2025-10-24 13:30:12+00:00,17.7202,17.753,17.7223,201,sell
2025-10-24 13:30:15+00:00,17.7203,17.7511,17.7182,173,sell
2025-10-24 13:30:18+00:00,17.7217,17.7486,17.7138,112,sell
2025-10-24 13:30:21+00:00,17.7194,17.7489,17.7329,110,sell
2025-10-24 13:30:24+00:00,17.7213,17.7453,17.7282,226,buy
2025-10-24 13:30:27+00:00,17.7159,17.7491,17.7116,135,sell
2025-10-24 13:30:30+00:00,17.7233,17.7398,17.7058,226,sell
2025-10-24 13:30:33+00:00,17.714,17.7472,17.708,123,sell
2025-10-24 13:30:36+00:00,17.7154,17.7446,17.723,186,sell
2025-10-24 13:30:39+00:00,17.7255,17.7345,17.7374,64,sell
2025-10-24 13:30:42+00:00,17.7186,17.7414,17.7285,128,sell
2025-10-24 13:30:45+00:00,17.7173,17.7427,17.7317,224,buy
2025-10-24 13:30:48+00:00,17.7138,17.7462,17.7453,198,buy
2025-10-24 13:30:51+00:00,17.7144,17.7456,17.7129,196,sell
2025-10-24 13:30:54+00:00,17.7174,17.7426,17.7152,186,sell
2025-10-24 13:30:57+00:00,17.7145,17.7455,17.7462,169,buy
2025-10-24 13:31:00+00:00,17.705,17.7351,17.7015,82,sell
2025-10-24 13:31:03.333333+00:00,17.7073,17.7347,17.7052,73,sell
2025-10-24 13:31:06.666666+00:00,17.7086,17.7353,17.7314,122,buy
2025-10-24 13:31:09.999999+00:00,17.7146,17.7311,17.7308,125,buy
2025-10-24 13:31:13.333332+00:00,17.7114,17.7361,17.7074,132,sell
2025-10-24 13:31:16.666665+00:00,17.7145,17.7349,17.7026,109,sell
2025-10-24 13:31:19.999998+00:00,17.7152,17.7361,17.7195,52,buy
2025-10-24 13:31:23.333331+00:00,17.7152,17.738,17.7354,109,buy
2025-10-24 13:31:26.666664+00:00,17.7103,17.7448,17.7231,111,sell
2025-10-24 13:31:29.999997+00:00,17.7166,17.7402,17.7485,101,buy
2025-10-24 13:31:33.333330+00:00,17.7151,17.744,17.7307,101,buy
2025-10-24 13:31:36.666663+00:00,17.7215,17.7385,17.7396,89,buy
2025-10-24 13:31:39.999996+00:00,17.7152,17.7448,17.7106,104,sell
2025-10-24 13:31:43.333329+00:00,17.7143,17.7457,17.7281,150,buy
2025-10-24 13:31:46.666662+00:00,17.7156,17.7444,17.7446,131,buy
2025-10-24 13:31:49.999995+00:00,17.7147,17.7453,17.756,138,buy
2025-10-24 13:31:53.333328+00:00,17.7178,17.7422,17.7328,68,buy
2025-10-24 13:31:56.666661+00:00,17.7148,17.7452,17.7351,96,buy
2025-10-24 13:32:00+00:00,17.7175,17.7421,17.734,919,sell
2025-10-24 13:32:03.529412+00:00,17.7136,17.7425,17.699,768,sell
2025-10-24 13:32:07.058824+00:00,17.7115,17.7408,17.7394,544,buy
2025-10-24 13:32:10.588236+00:00,17.7113,17.7365,17.6963,1273,sell
2025-10-24 13:32:14.117648+00:00,17.714,17.7307,17.7076,1307,sell
2025-10-24 13:32:17.647060+00:00,17.7026,17.7372,17.7205,1044,buy
2025-10-24 13:32:21.176472+00:00,17.7045,17.7313,17.6933,1259,sell
2025-10-24 13:32:24.705884+00:00,17.7033,17.7283,17.7007,1113,sell
2025-10-24 13:32:28.235296+00:00,17.7013,17.7268,17.7082,762,sell
2025-10-24 13:32:31.764708+00:00,17.6997,17.7253,17.7377,1433,buy
2025-10-24 13:32:35.294120+00:00,17.6953,17.7241,17.704,111,sell
2025-10-24 13:32:38.823532+00:00,17.6971,17.7191,17.6802,1207,sell
2025-10-24 13:32:42.352944+00:00,17.6927,17.719,17.704,977,buy
2025-10-24 13:32:45.882356+00:00,17.6884,17.7195,17.7262,259,buy
2025-10-24 13:32:49.411768+00:00,17.6862,17.7172,17.7297,1114,buy
2025-10-24 13:32:52.941180+00:00,17.6918,17.708,17.7195,707,buy
2025-10-24 13:32:56.470592+00:00,17.6844,17.712,17.6857,494,sell
2025-10-24 13:33:00+00:00,17.7007,17.7195,17.7345,954,buy
2025-10-24 13:33:04.285714+00:00,17.6969,17.7256,17.694,1130,sell
2025-10-24 13:33:08.571428+00:00,17.6989,17.7264,17.7123,943,buy
2025-10-24 13:33:12.857142+00:00,17.7023,17.7251,17.7104,1297,buy
2025-10-24 13:33:17.142856+00:00,17.7038,17.7262,17.7259,977,buy
2025-10-24 13:33:21.428570+00:00,17.7022,17.7297,17.7429,640,buy
2025-10-24 13:33:25.714284+00:00,17.7044,17.7306,17.7353,864,buy
2025-10-24 13:33:29.999998+00:00,17.7069,17.7303,17.6945,1048,sell
2025-10-24 13:33:34.285712+00:00,17.7065,17.7337,17.7446,1126,buy
2025-10-24 13:33:38.571426+00:00,17.7117,17.7301,17.7196,452,sell
2025-10-24 13:33:42.857140+00:00,17.7121,17.7325,17.7306,1155,buy
2025-10-24 13:33:47.142854+00:00,17.7095,17.7377,17.7449,358,buy
2025-10-24 13:33:51.428568+00:00,17.7107,17.7387,17.7242,821,buy
2025-10-24 13:33:55.714282+00:00,17.7121,17.7398,17.7421,926,buy
2025-10-24 13:34:00+00:00,17.6945,17.7251,17.6969,1074,sell
2025-10-24 13:34:03.750000+00:00,17.6956,17.7244,17.7076,1016,buy
2025-10-24 13:34:07.500000+00:00,17.6979,17.7221,17.7371,478,buy
2025-10-24 13:34:11.250000+00:00,17.6998,17.7202,17.7363,780,buy
2025-10-24 13:34:15+00:00,17.6985,17.7215,17.7216,1081,buy
2025-10-24 13:34:18.750000+00:00,17.6936,17.7264,17.6972,873,sell
2025-10-24 13:34:22.500000+00:00,17.6919,17.7281,17.7381,941,buy
2025-10-24 13:34:26.250000+00:00,17.696,17.724,17.6984,1185,sell
2025-10-24 13:34:30+00:00,17.7006,17.7193,17.7109,821,buy
2025-10-24 13:34:33.750000+00:00,17.6991,17.7207,17.7074,387,sell
2025-10-24 13:34:37.500000+00:00,17.6948,17.7252,17.7085,982,sell
2025-10-24 13:34:41.250000+00:00,17.6913,17.7287,17.7444,296,buy
2025-10-24 13:34:45+00:00,17.6962,17.7236,17.6895,596,sell
2025-10-24 13:34:48.750000+00:00,17.6976,17.7224,17.7044,626,sell
2025-10-24 13:34:52.500000+00:00,17.6931,17.7269,17.7397,753,buy
2025-10-24 13:34:56.250000+00:00,17.6951,17.7239,17.7097,603,sell
2025-10-24 13:35:00+00:00,17.6985,17.7215,17.7169,43,buy
2025-10-24 13:35:03.529412+00:00,17.6974,17.7207,17.7037,85,buy
2025-10-24 13:35:07.058824+00:00,17.6931,17.723,17.7128,101,buy
2025-10-24 13:35:10.588236+00:00,17.6947,17.7193,17.6772,46,sell
2025-10-24 13:35:14.117648+00:00,17.6898,17.7222,17.676,69,sell
2025-10-24 13:35:17.647060+00:00,17.6894,17.7205,17.6741,53,sell
2025-10-24 13:35:21.176472+00:00,17.6865,17.7214,17.6839,38,sell
2025-10-24 13:35:24.705884+00:00,17.6935,17.7125,17.6816,63,sell
2025-10-24 13:35:28.235296+00:00,17.6864,17.7175,17.7103,69,buy
2025-10-24 13:35:31.764708+00:00,17.6867,17.7154,17.7174,86,buy
2025-10-24 13:35:35.294120+00:00,17.6877,17.7123,17.6824,50,sell
2025-10-24 13:35:38.823532+00:00,17.6856,17.7144,17.6885,77,sell
2025-10-24 13:35:42.352944+00:00,17.6861,17.7139,17.7251,57,buy
2025-10-24 13:35:45.882356+00:00,17.6869,17.7131,17.6703,113,sell
2025-10-24 13:35:49.411768+00:00,17.6868,17.7132,17.7202,72,buy
2025-10-24 13:35:52.941180+00:00,17.6883,17.7117,17.7007,94,buy
2025-10-24 13:35:56.470592+00:00,17.6873,17.7127,17.7246,75,buy
2025-10-24 13:36:00+00:00,17.699,17.721,17.7074,23,sell
2025-10-24 13:36:03.529412+00:00,17.6967,17.7233,17.7208,12,buy
2025-10-24 13:36:07.058824+00:00,17.6953,17.7247,17.7318,27,buy
2025-10-24 13:36:10.588236+00:00,17.6996,17.7204,17.7252,24,buy
2025-10-24 13:36:14.117648+00:00,17.6962,17.7238,17.7245,32,buy
2025-10-24 13:36:17.647060+00:00,17.6961,17.7239,17.7334,27,buy
2025-10-24 13:36:21.176472+00:00,17.6938,17.7261,17.7382,45,buy
2025-10-24 13:36:24.705884+00:00,17.6941,17.7259,17.6907,25,sell
2025-10-24 13:36:28.235296+00:00,17.6958,17.7242,17.7028,29,sell
2025-10-24 13:36:31.764708+00:00,17.7004,17.7196,17.6969,15,sell
2025-10-24 13:36:35.294120+00:00,17.6954,17.7246,17.7029,44,sell
2025-10-24 13:36:38.823532+00:00,17.6973,17.7227,17.6818,37,sell
2025-10-24 13:36:42.352944+00:00,17.6911,17.7289,17.7379,18,buy
2025-10-24 13:36:45.882356+00:00,17.6955,17.7245,17.7045,37,sell
2025-10-24 13:36:49.411768+00:00,17.6923,17.7277,17.7048,30,sell
2025-10-24 13:36:52.941180+00:00,17.6978,17.7222,17.7216,31,buy
2025-10-24 13:36:56.470592+00:00,17.6921,17.7279,17.6851,35,sell
2025-10-24 13:37:00+00:00,17.7088,17.7312,17.7403,11,buy
2025-10-24 13:37:03.333333+00:00,17.7092,17.7292,17.7272,32,buy
2025-10-24 13:37:06.666666+00:00,17.7095,17.7266,17.7217,7,buy
2025-10-24 13:37:09.999999+00:00,17.7028,17.7315,17.6886,15,sell
2025-10-24 13:37:13.333332+00:00,17.6999,17.7324,17.7288,27,buy
2025-10-24 13:37:16.666665+00:00,17.7017,17.7288,17.7047,15,sell
2025-10-24 13:37:19.999998+00:00,17.7013,17.7275,17.7318,19,buy
2025-10-24 13:37:23.333331+00:00,17.6968,17.7302,17.6853,14,sell
2025-10-24 13:37:26.666664+00:00,17.6973,17.7276,17.7067,19,sell
2025-10-24 13:37:29.999997+00:00,17.6973,17.7259,17.7218,14,buy
2025-10-24 13:37:33.333330+00:00,17.6985,17.7226,17.7063,21,sell
2025-10-24 13:37:36.666663+00:00,17.6956,17.7244,17.7138,7,buy
2025-10-24 13:37:39.999996+00:00,17.6947,17.7253,17.6996,12,sell
2025-10-24 13:37:43.333329+00:00,17.6957,17.7243,17.6885,10,sell
2025-10-24 13:37:46.666662+00:00,17.7006,17.7194,17.7119,17,buy
2025-10-24 13:37:49.999995+00:00,17.6955,17.7245,17.7282,14,buy
2025-10-24 13:37:53.333328+00:00,17.6936,17.7264,17.6965,17,sell
2025-10-24 13:37:56.666661+00:00,17.6974,17.7226,17.681,18,sell
2025-10-24 13:38:00+00:00,17.7066,17.7334,17.7278,30,buy
2025-10-24 13:38:03.529412+00:00,17.7089,17.7311,17.7397,42,buy
2025-10-24 13:38:07.058824+00:00,17.7063,17.7337,17.7428,17,buy
2025-10-24 13:38:10.588236+00:00,17.7094,17.7306,17.6933,11,sell
2025-10-24 13:38:14.117648+00:00,17.7105,17.7295,17.7161,35,buy
2025-10-24 13:38:17.647060+00:00,17.7039,17.7361,17.6976,28,sell
2025-10-24 13:38:21.176472+00:00,17.7087,17.7313,17.7095,23,sell
2025-10-24 13:38:24.705884+00:00,17.7039,17.7361,17.7103,42,sell
2025-10-24 13:38:28.235296+00:00,17.7108,17.7292,17.7273,20,buy
2025-10-24 13:38:31.764708+00:00,17.7048,17.7352,17.7201,66,sell
2025-10-24 13:38:35.294120+00:00,17.703,17.737,17.7095,43,sell
2025-10-24 13:38:38.823532+00:00,17.7047,17.7353,17.7327,18,buy
2025-10-24 13:38:42.352944+00:00,17.7095,17.7305,17.694,25,sell
2025-10-24 13:38:45.882356+00:00,17.7053,17.7347,17.7187,21,sell
2025-10-24 13:38:49.411768+00:00,17.7105,17.7295,17.7274,15,sell
2025-10-24 13:38:52.941180+00:00,17.7043,17.7357,17.7039,36,sell
2025-10-24 13:38:56.470592+00:00,17.7069,17.7331,17.7409,19,buy
2025-10-24 13:39:00+00:00,17.7023,17.7375,17.6867,686,sell
2025-10-24 13:39:03.529412+00:00,17.7077,17.7323,17.7076,654,sell
2025-10-24 13:39:07.058824+00:00,17.7047,17.7352,17.7332,813,buy
2025-10-24 13:39:10.588236+00:00,17.7057,17.7343,17.7404,464,buy
2025-10-24 13:39:14.117648+00:00,17.7082,17.7318,17.7452,778,buy
2025-10-24 13:39:17.647060+00:00,17.71,17.73,17.7135,811,buy
2025-10-24 13:39:21.176472+00:00,17.706,17.7339,17.7126,738,sell
2025-10-24 13:39:24.705884+00:00,17.7054,17.7344,17.6897,557,sell
2025-10-24 13:39:28.235296+00:00,17.7054,17.7346,17.7014,654,sell
2025-10-24 13:39:31.764708+00:00,17.7059,17.7341,17.6917,496,sell
2025-10-24 13:39:35.294120+00:00,17.7016,17.7384,17.6951,207,sell
2025-10-24 13:39:38.823532+00:00,17.7019,17.7381,17.6923,769,sell
2025-10-24 13:39:42.352944+00:00,17.705,17.7349,17.6949,388,sell
2025-10-24 13:39:45.882356+00:00,17.7048,17.7351,17.738,326,buy
2025-10-24 13:39:49.411768+00:00,17.7067,17.7333,17.7206,865,sell
2025-10-24 13:39:52.941180+00:00,17.7054,17.7346,17.6981,290,sell
2025-10-24 13:39:56.470592+00:00,17.7072,17.7324,17.7147,694,sell
2025-10-24 13:40:00+00:00,17.7037,17.7363,17.6944,101,sell
2025-10-24 13:40:03.333333+00:00,17.711,17.7253,17.6977,135,sell
2025-10-24 13:40:06.666666+00:00,17.7031,17.7291,17.7173,102,buy
2025-10-24 13:40:09.999999+00:00,17.7036,17.7256,17.7357,194,buy
2025-10-24 13:40:13.333332+00:00,17.698,17.7273,17.7412,134,buy
2025-10-24 13:40:16.666665+00:00,17.6967,17.7244,17.733,65,buy
2025-10-24 13:40:19.999998+00:00,17.6985,17.7185,17.7109,7,buy
2025-10-24 13:40:23.333331+00:00,17.6901,17.723,17.7067,150,sell
2025-10-24 13:40:26.666664+00:00,17.6932,17.7173,17.6994,191,sell
2025-10-24 13:40:29.999997+00:00,17.6934,17.7132,17.7054,77,buy
2025-10-24 13:40:33.333330+00:00,17.6857,17.7168,17.6745,222,sell
2025-10-24 13:40:36.666663+00:00,17.6852,17.7134,17.7149,92,buy
2025-10-24 13:40:39.999996+00:00,17.6838,17.7105,17.723,180,buy
2025-10-24 13:40:43.333329+00:00,17.6825,17.7085,17.684,118,sell
2025-10-24 13:40:46.666662+00:00,17.6807,17.7066,17.7052,117,buy
2025-10-24 13:40:49.999995+00:00,17.6779,17.7059,17.6974,96,buy
2025-10-24 13:40:53.333328+00:00,17.677,17.703,17.6854,106,sell
2025-10-24 13:40:56.666661+00:00,17.675,17.705,17.7155,102,buy
2025-10-24 13:41:00+00:00,17.6754,17.7044,17.72,61,buy
2025-10-24 13:41:03.750000+00:00,17.6765,17.701,17.6663,55,sell
2025-10-24 13:41:07.500000+00:00,17.6721,17.7037,17.7097,105,buy
2025-10-24 13:41:11.250000+00:00,17.6704,17.7034,17.6872,116,buy
2025-10-24 13:41:15+00:00,17.6692,17.7021,17.6992,69,buy
2025-10-24 13:41:18.750000+00:00,17.6672,17.7021,17.6789,46,sell
2025-10-24 13:41:22.500000+00:00,17.6696,17.6976,17.6823,133,sell
2025-10-24 13:41:26.250000+00:00,17.6717,17.6933,17.6548,108,sell
2025-10-24 13:41:30+00:00,17.6631,17.6995,17.6466,76,sell
2025-10-24 13:41:33.750000+00:00,17.6635,17.6975,17.6875,80,buy
2025-10-24 13:41:37.500000+00:00,17.6671,17.6929,17.6629,43,sell
2025-10-24 13:41:41.250000+00:00,17.6684,17.6916,17.7042,23,buy
2025-10-24 13:41:45+00:00,17.6609,17.6991,17.7128,85,buy
2025-10-24 13:41:48.750000+00:00,17.6675,17.6925,17.7042,16,buy
2025-10-24 13:41:52.500000+00:00,17.6708,17.6892,17.6695,75,sell
2025-10-24 13:41:56.250000+00:00,17.6681,17.6919,17.6512,2,sell
2025-10-24 13:42:00+00:00,17.6625,17.6975,17.6842,142,buy
2025-10-24 13:42:03.750000+00:00,17.6666,17.6955,17.6674,413,sell
2025-10-24 13:42:07.500000+00:00,17.6702,17.6939,17.6646,327,sell
2025-10-24 13:42:11.250000+00:00,17.6669,17.6994,17.6876,184,buy
2025-10-24 13:42:15+00:00,17.6662,17.7025,17.7027,196,buy
2025-10-24 13:42:18.750000+00:00,17.6677,17.7027,17.7001,258,buy
2025-10-24 13:42:22.500000+00:00,17.6742,17.6984,17.6792,285,sell
2025-10-24 13:42:26.250000+00:00,17.6746,17.7009,17.6666,279,sell
2025-10-24 13:42:30+00:00,17.6731,17.7038,17.7141,314,buy
2025-10-24 13:42:33.750000+00:00,17.6784,17.7016,17.7074,128,buy
2025-10-24 13:42:37.500000+00:00,17.6786,17.7032,17.6911,343,sell
2025-10-24 13:42:41.250000+00:00,17.6779,17.7057,17.6925,255,buy
2025-10-24 13:42:45+00:00,17.6779,17.7072,17.6914,281,buy
2025-10-24 13:42:48.750000+00:00,17.6799,17.7079,17.6665,439,sell
2025-10-24 13:42:52.500000+00:00,17.6741,17.7157,17.6818,282,sell
2025-10-24 13:42:56.250000+00:00,17.684,17.7085,17.697,267,buy
2025-10-24 13:43:00+00:00,17.692,17.728,17.7217,71,buy
2025-10-24 13:43:03.750000+00:00,17.6954,17.7227,17.7247,26,buy
2025-10-24 13:43:07.500000+00:00,17.6923,17.7236,17.7071,54,sell
2025-10-24 13:43:11.250000+00:00,17.6895,17.7241,17.678,85,sell
2025-10-24 13:43:15+00:00,17.6926,17.7188,17.7155,110,buy
2025-10-24 13:43:18.750000+00:00,17.6889,17.7207,17.6865,117,sell
2025-10-24 13:43:22.500000+00:00,17.6923,17.7151,17.6837,115,sell
2025-10-24 13:43:26.250000+00:00,17.6866,17.7183,17.7097,123,buy
2025-10-24 13:43:30+00:00,17.6887,17.7143,17.6896,61,sell
2025-10-24 13:43:33.750000+00:00,17.6875,17.7132,17.6819,135,sell
2025-10-24 13:43:37.500000+00:00,17.6884,17.7103,17.7047,19,buy
2025-10-24 13:43:41.250000+00:00,17.6852,17.7115,17.6916,154,sell
2025-10-24 13:43:45+00:00,17.6832,17.7115,17.686,85,sell
2025-10-24 13:43:48.750000+00:00,17.6822,17.7101,17.704,44,buy
2025-10-24 13:43:52.500000+00:00,17.6806,17.7094,17.7027,84,buy
2025-10-24 13:43:56.250000+00:00,17.679,17.7093,17.7193,107,buy
2025-10-24 13:44:00+00:00,17.6865,17.7135,17.6971,16,buy
2025-10-24 13:44:03.529412+00:00,17.6839,17.7161,17.667,41,sell
2025-10-24 13:44:07.058824+00:00,17.6853,17.7148,17.7173,28,buy
2025-10-24 13:44:10.588236+00:00,17.6908,17.7092,17.6784,31,sell
2025-10-24 13:44:14.117648+00:00,17.6917,17.7083,17.7224,28,buy
2025-10-24 13:44:17.647060+00:00,17.6829,17.7171,17.6663,27,sell
2025-10-24 13:44:21.176472+00:00,17.6854,17.7146,17.7065,40,buy
2025-10-24 13:44:24.705884+00:00,17.6885,17.7115,17.6793,25,sell
2025-10-24 13:44:28.235296+00:00,17.6904,17.7096,17.7245,22,buy
2025-10-24 13:44:31.764708+00:00,17.6884,17.7116,17.7265,8,buy
2025-10-24 13:44:35.294120+00:00,17.6873,17.7127,17.6878,17,sell
2025-10-24 13:44:38.823532+00:00,17.6876,17.7124,17.7028,17,sell
2025-10-24 13:44:42.352944+00:00,17.6843,17.7157,17.6742,23,sell
2025-10-24 13:44:45.882356+00:00,17.6809,17.7191,17.7259,23,buy
2025-10-24 13:44:49.411768+00:00,17.6879,17.7121,17.6859,7,sell
2025-10-24 13:44:52.941180+00:00,17.691,17.709,17.6823,20,sell
2025-10-24 13:44:56.470592+00:00,17.6884,17.7116,17.6949,20,sell
2025-10-24 13:45:00+00:00,17.6834,17.7166,17.6678,62,sell
2025-10-24 13:45:03.529412+00:00,17.6874,17.7108,17.6945,25,sell
2025-10-24 13:45:07.058824+00:00,17.68,17.7157,17.6792,49,sell
2025-10-24 13:45:10.588236+00:00,17.69,17.7037,17.6761,30,sell
2025-10-24 13:45:14.117648+00:00,17.6872,17.7053,17.6888,59,sell
2025-10-24 13:45:17.647060+00:00,17.6851,17.7052,17.6872,42,sell
2025-10-24 13:45:21.176472+00:00,17.6807,17.7073,17.705,30,buy
2025-10-24 13:45:24.705884+00:00,17.6777,17.708,17.6768,48,sell
2025-10-24 13:45:28.235296+00:00,17.6797,17.704,17.701,23,buy
2025-10-24 13:45:31.764708+00:00,17.6747,17.7074,17.6666,62,sell
2025-10-24 13:45:35.294120+00:00,17.6727,17.7076,17.7006,37,buy
2025-10-24 13:45:38.823532+00:00,17.6761,17.7039,17.6957,43,buy
2025-10-24 13:45:42.352944+00:00,17.675,17.705,17.7044,48,buy
2025-10-24 13:45:45.882356+00:00,17.6754,17.7046,17.678,19,sell
2025-10-24 13:45:49.411768+00:00,17.6803,17.6997,17.6929,27,sell
2025-10-24 13:45:52.941180+00:00,17.6776,17.7024,17.6794,49,sell
2025-10-24 13:45:56.470592+00:00,17.6728,17.7072,17.7053,40,buy
2025-10-24 13:46:00+00:00,17.6774,17.7026,17.7094,50,buy
2025-10-24 13:46:03.750000+00:00,17.6776,17.7068,17.6929,87,sell
2025-10-24 13:46:07.500000+00:00,17.6815,17.7067,17.7172,49,buy
2025-10-24 13:46:11.250000+00:00,17.6827,17.7098,17.6768,84,sell
2025-10-24 13:46:15+00:00,17.6897,17.7075,17.6828,96,sell
2025-10-24 13:46:18.750000+00:00,17.6891,17.7118,17.7,110,buy
2025-10-24 13:46:22.500000+00:00,17.6901,17.7155,17.7167,102,buy
2025-10-24 13:46:26.250000+00:00,17.6918,17.7178,17.6962,113,sell
2025-10-24 13:46:30+00:00,17.6935,17.7207,17.683,82,sell
2025-10-24 13:46:33.750000+00:00,17.6967,17.7212,17.7137,60,sell
2025-10-24 13:46:37.500000+00:00,17.6995,17.7229,17.7076,115,sell
2025-10-24 13:46:41.250000+00:00,17.7051,17.7219,17.736,76,buy
2025-10-24 13:46:45+00:00,17.7087,17.7222,17.726,101,buy
2025-10-24 13:46:48.750000+00:00,17.704,17.7311,17.7162,41,sell
2025-10-24 13:46:52.500000+00:00,17.7062,17.7338,17.7488,72,buy
2025-10-24 13:46:56.250000+00:00,17.71,17.73,17.7222,55,buy
2025-10-24 13:47:00+00:00,17.6998,17.7201,17.7167,85,sell
2025-10-24 13:47:04.285714+00:00,17.694,17.721,17.709,92,sell
2025-10-24 13:47:08.571428+00:00,17.6944,17.7157,17.708,60,sell
2025-10-24 13:47:12.857142+00:00,17.6861,17.7194,17.6768,109,sell
2025-10-24 13:47:17.142856+00:00,17.6903,17.7103,17.6809,65,sell
2025-10-24 13:47:21.428570+00:00,17.6809,17.7143,17.7317,4,buy
2025-10-24 13:47:25.714284+00:00,17.6775,17.7128,17.6815,91,sell
2025-10-24 13:47:29.999998+00:00,17.6842,17.7014,17.6927,51,buy
2025-10-24 13:47:34.285712+00:00,17.678,17.7025,17.688,116,sell
2025-10-24 13:47:38.571426+00:00,17.6744,17.7056,17.7192,95,buy
2025-10-24 13:47:42.857140+00:00,17.6761,17.7039,17.7119,85,buy
2025-10-24 13:47:47.142854+00:00,17.6709,17.7091,17.6642,116,sell
2025-10-24 13:47:51.428568+00:00,17.6771,17.7029,17.716,79,buy
2025-10-24 13:47:55.714282+00:00,17.6765,17.7035,17.6735,46,sell
2025-10-24 13:48:00+00:00,17.676,17.704,17.662,18,sell
2025-10-24 13:48:04.615385+00:00,17.6758,17.7017,17.6723,48,sell
2025-10-24 13:48:09.230770+00:00,17.6796,17.6951,17.7071,43,buy
2025-10-24 13:48:13.846155+00:00,17.6702,17.7019,17.6853,61,sell
2025-10-24 13:48:18.461540+00:00,17.6729,17.6963,17.668,87,sell
2025-10-24 13:48:23.076925+00:00,17.6715,17.6952,17.696,105,buy
2025-10-24 13:48:27.692310+00:00,17.6672,17.6968,17.6715,86,sell
2025-10-24 13:48:32.307695+00:00,17.665,17.6964,17.67,60,sell
2025-10-24 13:48:36.923080+00:00,17.6704,17.6896,17.6922,60,buy
2025-10-24 13:48:41.538465+00:00,17.6687,17.6913,17.6645,44,sell
2025-10-24 13:48:46.153850+00:00,17.6641,17.6959,17.6894,42,buy
2025-10-24 13:48:50.769235+00:00,17.6671,17.6929,17.6534,45,sell
2025-10-24 13:48:55.384620+00:00,17.6645,17.6955,17.7065,96,buy
2025-10-24 13:49:00+00:00,17.6638,17.6962,17.6661,61,sell
2025-10-24 13:49:04.615385+00:00,17.6641,17.6986,17.6573,59,sell
2025-10-24 13:49:09.230770+00:00,17.6723,17.693,17.7001,215,buy
2025-10-24 13:49:13.846155+00:00,17.6662,17.7016,17.7163,121,buy
2025-10-24 13:49:18.461540+00:00,17.6711,17.6999,17.7063,92,buy
2025-10-24 13:49:23.076925+00:00,17.6714,17.702,17.6633,156,sell
2025-10-24 13:49:27.692310+00:00,17.6744,17.701,17.6851,171,buy
2025-10-24 13:49:32.307695+00:00,17.6734,17.7053,17.6909,56,sell
2025-10-24 13:49:36.923080+00:00,17.6769,17.7031,17.6835,70,sell
2025-10-24 13:49:41.538465+00:00,17.6758,17.7042,17.7207,83,buy
2025-10-24 13:49:46.153850+00:00,17.6716,17.7084,17.7151,63,buy
2025-10-24 13:49:50.769235+00:00,17.679,17.701,17.6956,71,buy
2025-10-24 13:49:55.384620+00:00,17.6757,17.7043,17.7153,174,buy
2025-10-24 13:50:00+00:00,17.6582,17.6815,17.6665,138,buy
2025-10-24 13:50:04.615385+00:00,17.6551,17.6823,17.6424,51,sell
2025-10-24 13:50:09.230770+00:00,17.6547,17.6795,17.6758,68,buy
2025-10-24 13:50:13.846155+00:00,17.6517,17.6805,17.649,83,sell
2025-10-24 13:50:18.461540+00:00,17.6505,17.6787,17.6451,64,sell
2025-10-24 13:50:23.076925+00:00,17.6538,17.6729,17.6595,57,sell
2025-10-24 13:50:27.692310+00:00,17.6509,17.6732,17.6605,113,sell
2025-10-24 13:50:32.307695+00:00,17.6503,17.6711,17.6534,72,sell
2025-10-24 13:50:36.923080+00:00,17.6485,17.6715,17.656,55,buy
2025-10-24 13:50:41.538465+00:00,17.6455,17.6745,17.6324,93,sell
2025-10-24 13:50:46.153850+00:00,17.6438,17.6762,17.6543,84,sell
2025-10-24 13:50:50.769235+00:00,17.6476,17.6724,17.6758,87,buy
2025-10-24 13:50:55.384620+00:00,17.6422,17.6778,17.6386,29,sell
2025-10-24 13:51:00+00:00,17.6478,17.6722,17.6791,95,buy
2025-10-24 13:51:05+00:00,17.6421,17.6779,17.6493,144,sell
2025-10-24 13:51:10+00:00,17.6476,17.6724,17.6628,53,buy
2025-10-24 13:51:15+00:00,17.6461,17.6739,17.6771,18,buy
2025-10-24 13:51:20+00:00,17.6453,17.6747,17.6563,20,sell
2025-10-24 13:51:25+00:00,17.6489,17.6711,17.6536,157,buy
2025-10-24 13:51:30+00:00,17.6447,17.6753,17.6546,68,sell
2025-10-24 13:51:35+00:00,17.6455,17.6745,17.6299,82,sell
2025-10-24 13:51:40+00:00,17.6487,17.6713,17.6419,168,sell
2025-10-24 13:51:45+00:00,17.6443,17.6757,17.66,95,sell
2025-10-24 13:51:50+00:00,17.6508,17.6692,17.6547,140,buy
2025-10-24 13:51:55+00:00,17.6513,17.6687,17.6495,53,sell
2025-10-24 13:52:00+00:00,17.66,17.68,17.6753,139,buy
2025-10-24 13:52:04.285714+00:00,17.6548,17.6877,17.6904,71,buy
2025-10-24 13:52:08.571428+00:00,17.6577,17.6871,17.6938,16,buy
2025-10-24 13:52:12.857142+00:00,17.6629,17.6845,17.6956,54,buy
2025-10-24 13:52:17.142856+00:00,17.6655,17.6843,17.6711,101,buy
2025-10-24 13:52:21.428570+00:00,17.6637,17.6885,17.6755,90,buy
2025-10-24 13:52:25.714284+00:00,17.6624,17.6922,17.7074,96,buy
2025-10-24 13:52:29.999998+00:00,17.6684,17.6888,17.6947,81,buy
2025-10-24 13:52:34.285712+00:00,17.6714,17.6884,17.6881,55,buy
2025-10-24 13:52:38.571426+00:00,17.6657,17.6943,17.6689,134,sell
2025-10-24 13:52:42.857140+00:00,17.672,17.688,17.655,77,sell
2025-10-24 13:52:47.142854+00:00,17.668,17.692,17.7046,111,buy
2025-10-24 13:52:51.428568+00:00,17.6702,17.6898,17.6722,71,buy
2025-10-24 13:52:55.714282+00:00,17.6654,17.6946,17.6655,98,sell
2025-10-24 13:53:00+00:00,17.6665,17.6935,17.6805,10,sell
2025-10-24 13:53:04.615385+00:00,17.6663,17.6937,17.6797,12,sell
2025-10-24 13:53:09.230770+00:00,17.6682,17.6918,17.6514,12,sell
2025-10-24 13:53:13.846155+00:00,17.6655,17.6945,17.6729,18,sell
2025-10-24 13:53:18.461540+00:00,17.6689,17.6911,17.6908,22,buy
2025-10-24 13:53:23.076925+00:00,17.6651,17.6949,17.6921,22,buy
2025-10-24 13:53:27.692310+00:00,17.6667,17.6933,17.676,4,sell
2025-10-24 13:53:32.307695+00:00,17.6669,17.6931,17.7004,23,buy
2025-10-24 13:53:36.923080+00:00,17.6692,17.6908,17.6614,10,sell
2025-10-24 13:53:41.538465+00:00,17.668,17.692,17.6851,13,sell
2025-10-24 13:53:46.153850+00:00,17.6697,17.6903,17.679,17,buy
2025-10-24 13:53:50.769235+00:00,17.6663,17.6937,17.704,23,buy
2025-10-24 13:53:55.384620+00:00,17.6659,17.6941,17.6585,8,sell
2025-10-24 13:55:00+00:00,17.6528,17.6872,17.6616,84,sell
2025-10-24 13:55:04.285714+00:00,17.6552,17.6848,17.6914,58,buy
2025-10-24 13:55:08.571428+00:00,17.6592,17.6808,17.6721,121,buy
2025-10-24 13:55:12.857142+00:00,17.6631,17.6769,17.6806,47,sell
2025-10-24 13:55:17.142856+00:00,17.6588,17.6812,17.6581,95,sell
2025-10-24 13:55:21.428570+00:00,17.6529,17.6871,17.6889,47,buy
2025-10-24 13:55:25.714284+00:00,17.6591,17.6809,17.6443,72,sell
2025-10-24 13:55:29.999998+00:00,17.6557,17.6843,17.6964,116,buy
2025-10-24 13:55:34.285712+00:00,17.66,17.68,17.6737,34,sell
2025-10-24 13:55:38.571426+00:00,17.653,17.687,17.6406,100,sell
2025-10-24 13:55:42.857140+00:00,17.6577,17.6823,17.6675,60,buy
2025-10-24 13:55:47.142854+00:00,17.6553,17.6847,17.6574,68,sell
2025-10-24 13:55:51.428568+00:00,17.6607,17.6793,17.6754,26,sell
2025-10-24 13:55:55.714282+00:00,17.6538,17.6862,17.6421,64,sell
2025-10-24 13:56:00+00:00,17.6613,17.6788,17.6933,231,buy
2025-10-24 13:56:04.615385+00:00,17.6615,17.6812,17.6787,69,buy
2025-10-24 13:56:09.230770+00:00,17.6609,17.6844,17.6671,76,buy
2025-10-24 13:56:13.846155+00:00,17.6613,17.6867,17.6698,147,sell
2025-10-24 13:56:18.461540+00:00,17.6635,17.6871,17.6781,207,buy
2025-10-24 13:56:23.076925+00:00,17.6611,17.6922,17.706,220,buy
2025-10-24 13:56:27.692310+00:00,17.6685,17.6874,17.6708,165,buy
2025-10-24 13:56:32.307695+00:00,17.6651,17.6937,17.6646,164,sell
2025-10-24 13:56:36.923080+00:00,17.6702,17.6898,17.6652,121,sell
2025-10-24 13:56:41.538465+00:00,17.6676,17.6924,17.7058,109,buy
2025-10-24 13:56:46.153850+00:00,17.668,17.692,17.6789,310,sell
2025-10-24 13:56:50.769235+00:00,17.6691,17.6909,17.6726,267,sell
2025-10-24 13:56:55.384620+00:00,17.6639,17.6961,17.6756,207,sell
2025-10-24 13:57:00+00:00,17.6468,17.6732,17.6543,45,sell
2025-10-24 13:57:04.615385+00:00,17.6487,17.6713,17.6434,12,sell
2025-10-24 13:57:09.230770+00:00,17.6456,17.6744,17.6326,23,sell
2025-10-24 13:57:13.846155+00:00,17.6475,17.6725,17.6608,13,sell
2025-10-24 13:57:18.461540+00:00,17.6476,17.6724,17.6893,27,buy
2025-10-24 13:57:23.076925+00:00,17.6488,17.6712,17.652,4,sell
2025-10-24 13:57:27.692310+00:00,17.6446,17.6754,17.6276,29,sell
2025-10-24 13:57:32.307695+00:00,17.6483,17.6717,17.6872,10,buy
2025-10-24 13:57:36.923080+00:00,17.6436,17.6764,17.6343,36,sell
2025-10-24 13:57:41.538465+00:00,17.644,17.676,17.6616,19,buy
2025-10-24 13:57:46.153850+00:00,17.6441,17.6759,17.6552,26,sell
2025-10-24 13:57:50.769235+00:00,17.6464,17.6736,17.6575,19,sell
2025-10-24 13:57:55.384620+00:00,17.6452,17.6748,17.6883,31,buy
2025-10-24 13:58:00+00:00,17.6659,17.6941,17.7011,83,buy
2025-10-24 13:58:04.615385+00:00,17.6671,17.6955,17.6832,125,buy
2025-10-24 13:58:09.230770+00:00,17.6709,17.6946,17.6922,58,buy
2025-10-24 13:58:13.846155+00:00,17.6741,17.6938,17.6866,111,sell
2025-10-24 13:58:18.461540+00:00,17.6729,17.6977,17.6797,150,sell
2025-10-24 13:58:23.076925+00:00,17.6724,17.701,17.6699,35,sell
2025-10-24 13:58:27.692310+00:00,17.6718,17.704,17.6682,103,sell
2025-10-24 13:58:32.307695+00:00,17.6762,17.7026,17.6665,86,sell
2025-10-24 13:58:36.923080+00:00,17.6733,17.7067,17.6918,139,buy
2025-10-24 13:58:41.538465+00:00,17.677,17.703,17.6652,83,sell
2025-10-24 13:58:46.153850+00:00,17.6733,17.7067,17.6784,79,sell
2025-10-24 13:58:50.769235+00:00,17.6791,17.7009,17.688,92,sell
2025-10-24 13:58:55.384620+00:00,17.6779,17.7021,17.6753,50,sell
2025-10-24 13:59:00+00:00,17.6551,17.685,17.7026,187,buy
2025-10-24 13:59:04.285714+00:00,17.6512,17.689,17.6522,120,sell
2025-10-24 13:59:08.571428+00:00,17.6552,17.6848,17.6588,203,sell
2025-10-24 13:59:12.857142+00:00,17.6602,17.6798,17.6611,126,sell
2025-10-24 13:59:17.142856+00:00,17.6576,17.6824,17.6673,270,buy
2025-10-24 13:59:21.428570+00:00,17.6536,17.6864,17.6402,253,sell
2025-10-24 13:59:25.714284+00:00,17.6533,17.6867,17.686,213,buy
2025-10-24 13:59:29.999998+00:00,17.6541,17.686,17.6654,221,sell
2025-10-24 13:59:34.285712+00:00,17.6521,17.6879,17.693,275,buy
2025-10-24 13:59:38.571426+00:00,17.6573,17.6827,17.664,228,sell
2025-10-24 13:59:42.857140+00:00,17.6574,17.6827,17.6443,217,sell
2025-10-24 13:59:47.142854+00:00,17.6593,17.6811,17.6689,293,buy
2025-10-24 13:59:51.428568+00:00,17.6601,17.6803,17.677,190,buy
2025-10-24 13:59:55.714282+00:00,17.6573,17.683,17.6503,197,sell
2025-10-24 14:00:00+00:00,17.6735,17.7065,17.6953,140,buy
2025-10-24 14:00:05+00:00,17.6791,17.7009,17.7042,124,buy
2025-10-24 14:00:10+00:00,17.6788,17.7012,17.7042,118,buy
2025-10-24 14:00:15+00:00,17.6767,17.7032,17.7029,109,buy
2025-10-24 14:00:20+00:00,17.6767,17.7033,17.7037,25,buy
2025-10-24 14:00:25+00:00,17.6776,17.7023,17.6957,111,buy
2025-10-24 14:00:30+00:00,17.675,17.705,17.7178,171,buy
2025-10-24 14:00:35+00:00,17.675,17.705,17.689,57,sell
2025-10-24 14:00:40+00:00,17.6788,17.7011,17.6943,77,buy
2025-10-24 14:00:45+00:00,17.6764,17.7036,17.7169,108,buy
2025-10-24 14:00:50+00:00,17.6718,17.7082,17.6814,112,sell
2025-10-24 14:00:55+00:00,17.6769,17.7031,17.6698,44,sell
2025-10-24 14:01:00+00:00,17.6549,17.6851,17.6686,410,buy
2025-10-24 14:01:05+00:00,17.6641,17.6817,17.6666,256,sell
2025-10-24 14:01:10+00:00,17.6599,17.692,17.6696,412,sell
2025-10-24 14:01:15+00:00,17.6653,17.692,17.6631,363,sell
2025-10-24 14:01:20+00:00,17.6728,17.6908,17.7066,518,buy
2025-10-24 14:01:25+00:00,17.6749,17.6941,17.6602,513,sell
2025-10-24 14:01:30+00:00,17.6725,17.7023,17.6802,511,sell
2025-10-24 14:01:35+00:00,17.6744,17.7056,17.6994,334,buy
2025-10-24 14:01:40+00:00,17.6736,17.7064,17.712,304,buy
2025-10-24 14:01:45+00:00,17.676,17.704,17.6614,314,sell
2025-10-24 14:01:50+00:00,17.6807,17.6993,17.6792,178,sell
2025-10-24 14:01:55+00:00,17.6731,17.7069,17.6566,280,sell
2025-10-24 14:02:00+00:00,17.6632,17.6968,17.6654,90,sell
2025-10-24 14:02:05+00:00,17.6671,17.6959,17.704,119,buy
2025-10-24 14:02:10+00:00,17.6691,17.6968,17.6593,175,sell
2025-10-24 14:02:15+00:00,17.6716,17.6973,17.6874,150,buy
2025-10-24 14:02:20+00:00,17.6705,17.7011,17.6724,50,sell
2025-10-24 14:02:25+00:00,17.6739,17.7008,17.7077,206,buy
2025-10-24 14:02:30+00:00,17.6732,17.7042,17.6892,120,buy
2025-10-24 14:02:35+00:00,17.6785,17.7015,17.6944,45,buy
2025-10-24 14:02:40+00:00,17.6779,17.7021,17.7073,164,buy
2025-10-24 14:02:45+00:00,17.6804,17.6996,17.6756,154,sell
2025-10-24 14:02:50+00:00,17.6787,17.7013,17.6749,88,sell
2025-10-24 14:02:55+00:00,17.6761,17.7039,17.6975,133,buy
2025-10-24 14:03:00+00:00,17.6576,17.6824,17.6684,190,buy
2025-10-24 14:03:04.615385+00:00,17.6571,17.6853,17.677,273,buy
2025-10-24 14:03:09.230770+00:00,17.6552,17.6901,17.6923,290,buy
2025-10-24 14:03:13.846155+00:00,17.6624,17.6856,17.6481,375,sell
2025-10-24 14:03:18.461540+00:00,17.6637,17.6871,17.6548,316,sell
2025-10-24 14:03:23.076925+00:00,17.6651,17.6882,17.6866,235,buy
2025-10-24 14:03:27.692310+00:00,17.6639,17.6921,17.6822,119,buy
2025-10-24 14:03:32.307695+00:00,17.6653,17.6934,17.6911,321,buy
2025-10-24 14:03:36.923080+00:00,17.6677,17.6923,17.6809,435,buy
2025-10-24 14:03:41.538465+00:00,17.6656,17.6944,17.6785,199,sell
2025-10-24 14:03:46.153850+00:00,17.6688,17.6912,17.7047,222,buy
2025-10-24 14:03:50.769235+00:00,17.665,17.695,17.6777,265,buy
2025-10-24 14:03:55.384620+00:00,17.6675,17.6925,17.696,155,buy
2025-10-24 14:04:00+00:00,17.659,17.681,17.6784,80,buy
2025-10-24 14:04:04.285714+00:00,17.6561,17.6839,17.6729,52,sell
2025-10-24 14:04:08.571428+00:00,17.6506,17.6894,17.6844,120,buy
2025-10-24 14:04:12.857142+00:00,17.6556,17.6844,17.6433,99,sell
2025-10-24 14:04:17.142856+00:00,17.654,17.686,17.6695,51,sell
2025-10-24 14:04:21.428570+00:00,17.6581,17.6819,17.6516,154,sell
2025-10-24 14:04:25.714284+00:00,17.6553,17.6847,17.6853,109,buy
2025-10-24 14:04:29.999998+00:00,17.6483,17.6917,17.6997,153,buy
2025-10-24 14:04:34.285712+00:00,17.6594,17.6806,17.6663,64,buy
2025-10-24 14:04:38.571426+00:00,17.6585,17.6815,17.6554,89,sell
2025-10-24 14:04:42.857140+00:00,17.6567,17.6833,17.6954,36,buy
2025-10-24 14:04:47.142854+00:00,17.6603,17.6797,17.6637,55,buy
2025-10-24 14:04:51.428568+00:00,17.6555,17.6845,17.6629,78,sell
2025-10-24 14:04:55.714282+00:00,17.6551,17.6849,17.6923,152,buy
2025-10-24 14:05:00+00:00,17.6649,17.6951,17.6608,38,sell
2025-10-24 14:05:04+00:00,17.6678,17.6899,17.6544,40,sell
2025-10-24 14:05:08+00:00,17.6686,17.6868,17.6679,36,sell
2025-10-24 14:05:12+00:00,17.6668,17.6863,17.6863,43,buy
2025-10-24 14:05:16+00:00,17.6622,17.6886,17.6759,48,buy
2025-10-24 14:05:20+00:00,17.6617,17.6868,17.7044,47,buy
2025-10-24 14:05:24+00:00,17.662,17.6841,17.6924,37,buy
2025-10-24 14:05:28+00:00,17.6504,17.6937,17.6609,48,sell
2025-10-24 14:05:32+00:00,17.6574,17.6843,17.6908,34,buy
2025-10-24 14:05:36+00:00,17.6546,17.6854,17.6463,54,sell
2025-10-24 14:05:40+00:00,17.6561,17.6839,17.6406,27,sell
2025-10-24 14:05:44+00:00,17.6547,17.6853,17.6831,43,buy
2025-10-24 14:05:48+00:00,17.656,17.684,17.6524,47,sell
2025-10-24 14:05:52+00:00,17.6544,17.6856,17.6381,16,sell
2025-10-24 14:05:56+00:00,17.6499,17.6901,17.6729,35,buy
2025-10-24 14:06:00+00:00,17.6745,17.7055,17.6705,284,sell
2025-10-24 14:06:05.454545+00:00,17.6756,17.7075,17.6806,250,sell
2025-10-24 14:06:10.909090+00:00,17.6752,17.7106,17.7209,170,buy
2025-10-24 14:06:16.363635+00:00,17.6839,17.7059,17.7088,190,buy
2025-10-24 14:06:21.818180+00:00,17.6788,17.714,17.6869,137,sell
2025-10-24 14:06:27.272725+00:00,17.6852,17.711,17.7009,56,sell
2025-10-24 14:06:32.727270+00:00,17.6884,17.7109,17.6855,228,sell
2025-10-24 14:06:38.181815+00:00,17.6874,17.7126,17.6885,212,sell
2025-10-24 14:06:43.636360+00:00,17.6834,17.7166,17.7338,307,buy
2025-10-24 14:06:49.090905+00:00,17.6899,17.7101,17.6956,96,sell
2025-10-24 14:06:54.545450+00:00,17.6867,17.7133,17.7055,164,buy
2025-10-24 14:07:00+00:00,17.6838,17.7162,17.6761,8,sell
2025-10-24 14:07:04.285714+00:00,17.6875,17.7125,17.721,9,buy
2025-10-24 14:07:08.571428+00:00,17.6899,17.7101,17.7011,1,buy
2025-10-24 14:07:12.857142+00:00,17.6843,17.7157,17.6852,12,sell
2025-10-24 14:07:17.142856+00:00,17.682,17.718,17.6646,6,sell
2025-10-24 14:07:21.428570+00:00,17.6855,17.7145,17.72,7,buy
2025-10-24 14:07:25.714284+00:00,17.6863,17.7137,17.7153,8,buy
2025-10-24 14:07:29.999998+00:00,17.6903,17.7097,17.6899,6,sell
2025-10-24 14:07:34.285712+00:00,17.69,17.71,17.6863,4,sell
2025-10-24 14:07:38.571426+00:00,17.6898,17.7102,17.7064,5,buy
2025-10-24 14:07:42.857140+00:00,17.6825,17.7175,17.6978,6,sell
2025-10-24 14:07:47.142854+00:00,17.6879,17.7121,17.6721,5,sell
2025-10-24 14:07:51.428568+00:00,17.6899,17.7101,17.7214,8,buy
2025-10-24 14:07:55.714282+00:00,17.6893,17.7107,17.713,8,buy
2025-10-24 14:08:00+00:00,17.6759,17.7041,17.7176,300,buy
2025-10-24 14:08:06+00:00,17.674,17.7059,17.6873,171,sell
2025-10-24 14:08:12+00:00,17.6784,17.7016,17.6609,181,sell
2025-10-24 14:08:18+00:00,17.6748,17.7052,17.6723,290,sell
2025-10-24 14:08:24+00:00,17.6754,17.7046,17.6907,173,sell
2025-10-24 14:08:30+00:00,17.6781,17.7019,17.7108,198,buy
2025-10-24 14:08:36+00:00,17.6771,17.7029,17.6734,361,sell
2025-10-24 14:08:42+00:00,17.6776,17.7024,17.6612,433,sell
2025-10-24 14:08:48+00:00,17.6713,17.7086,17.6704,386,sell
2025-10-24 14:08:54+00:00,17.679,17.7007,17.7174,303,buy
2025-10-24 14:09:00+00:00,17.6661,17.6939,17.6815,5591,sell
2025-10-24 14:09:06.666667+00:00,17.6616,17.6984,17.6557,6757,sell
2025-10-24 14:09:13.333334+00:00,17.6668,17.6932,17.6852,10081,buy
2025-10-24 14:09:20.000001+00:00,17.666,17.694,17.6807,5528,buy
2025-10-24 14:09:26.666668+00:00,17.6671,17.6927,17.6561,3696,sell
2025-10-24 14:09:33.333335+00:00,17.6688,17.691,17.6678,3697,sell
2025-10-24 14:09:40.000002+00:00,17.6661,17.6938,17.6782,10036,buy
2025-10-24 14:09:46.666669+00:00,17.6638,17.696,17.6814,11277,sell
2025-10-24 14:09:53.333336+00:00,17.6664,17.6936,17.6581,5633,sell
2025-10-24 14:10:00+00:00,17.6514,17.6686,17.6658,367,buy
2025-10-24 14:10:05+00:00,17.6514,17.6742,17.6501,606,sell
2025-10-24 14:10:10+00:00,17.6546,17.6772,17.6538,376,sell
2025-10-24 14:10:15+00:00,17.653,17.6844,17.6793,176,buy
2025-10-24 14:10:20+00:00,17.6609,17.6822,17.6956,565,buy
2025-10-24 14:10:25+00:00,17.6624,17.6868,17.6992,244,buy
2025-10-24 14:10:30+00:00,17.6634,17.6915,17.6501,272,sell
2025-10-24 14:10:35+00:00,17.6671,17.6929,17.6837,373,sell
2025-10-24 14:10:40+00:00,17.6687,17.6913,17.6737,265,buy
2025-10-24 14:10:45+00:00,17.6668,17.6932,17.7105,209,buy
2025-10-24 14:10:50+00:00,17.6658,17.6942,17.6661,322,sell
2025-10-24 14:10:55+00:00,17.6643,17.6957,17.6996,219,buy
2025-10-24 14:11:00+00:00,17.6656,17.6944,17.7119,193,buy
2025-10-24 14:11:05.454545+00:00,17.6685,17.6884,17.6606,135,sell
2025-10-24 14:11:10.909090+00:00,17.6634,17.6901,17.7013,213,buy
2025-10-24 14:11:16.363635+00:00,17.6591,17.6914,17.6599,138,sell
2025-10-24 14:11:21.818180+00:00,17.6584,17.6885,17.697,221,buy
2025-10-24 14:11:27.272725+00:00,17.6569,17.6872,17.663,138,sell
2025-10-24 14:11:32.727270+00:00,17.6597,17.6812,17.6673,119,sell
2025-10-24 14:11:38.181815+00:00,17.6583,17.6793,17.6481,160,sell
2025-10-24 14:11:43.636360+00:00,17.6552,17.6793,17.6969,127,buy
2025-10-24 14:11:49.090905+00:00,17.6535,17.6774,17.6494,173,sell
2025-10-24 14:11:54.545450+00:00,17.6542,17.6736,17.6562,178,sell
2025-10-24 14:12:00+00:00,17.6577,17.6823,17.6789,30,buy
2025-10-24 14:12:05.454545+00:00,17.6552,17.6848,17.6791,17,buy
2025-10-24 14:12:10.909090+00:00,17.6531,17.6869,17.6575,29,sell
2025-10-24 14:12:16.363635+00:00,17.6532,17.6868,17.6515,30,sell
2025-10-24 14:12:21.818180+00:00,17.6584,17.6816,17.697,21,buy
2025-10-24 14:12:27.272725+00:00,17.6501,17.6899,17.678,32,buy
2025-10-24 14:12:32.727270+00:00,17.657,17.683,17.6498,39,sell
2025-10-24 14:12:38.181815+00:00,17.652,17.688,17.6667,29,sell
2025-10-24 14:12:43.636360+00:00,17.657,17.683,17.6975,0,buy
2025-10-24 14:12:49.090905+00:00,17.6523,17.6877,17.7002,35,buy
2025-10-24 14:12:54.545450+00:00,17.6622,17.6778,17.6598,32,sell
2025-10-24 14:13:00+00:00,17.6664,17.6936,17.6504,9,sell
2025-10-24 14:13:05+00:00,17.6672,17.6928,17.6716,11,sell
2025-10-24 14:13:10+00:00,17.6702,17.6898,17.6976,7,buy
2025-10-24 14:13:15+00:00,17.6622,17.6978,17.6572,9,sell
2025-10-24 14:13:20+00:00,17.6634,17.6966,17.6532,6,sell
2025-10-24 14:13:25+00:00,17.6641,17.6959,17.6706,9,sell
2025-10-24 14:13:30+00:00,17.6636,17.6964,17.687,5,buy
2025-10-24 14:13:35+00:00,17.6662,17.6938,17.6755,6,sell
2025-10-24 14:13:40+00:00,17.6626,17.6974,17.6784,9,sell
2025-10-24 14:13:45+00:00,17.6671,17.6929,17.7084,6,buy
2025-10-24 14:13:50+00:00,17.6647,17.6953,17.6771,8,sell
2025-10-24 14:13:55+00:00,17.6669,17.6931,17.6505,8,sell
2025-10-24 14:14:00+00:00,17.6546,17.6854,17.6864,37,buy
2025-10-24 14:14:05.454545+00:00,17.6676,17.6756,17.6645,21,sell
2025-10-24 14:14:10.909090+00:00,17.6632,17.683,17.6986,41,buy
2025-10-24 14:14:16.363635+00:00,17.6607,17.6888,17.702,30,buy
2025-10-24 14:14:21.818180+00:00,17.6663,17.6866,17.6906,28,buy
2025-10-24 14:14:27.272725+00:00,17.662,17.6941,17.696,9,buy
2025-10-24 14:14:32.727270+00:00,17.6687,17.6905,17.6645,31,sell
2025-10-24 14:14:38.181815+00:00,17.6675,17.6925,17.7078,37,buy
2025-10-24 14:14:43.636360+00:00,17.6691,17.6909,17.6755,36,buy
2025-10-24 14:14:49.090905+00:00,17.6673,17.6927,17.6613,1,sell
2025-10-24 14:14:54.545450+00:00,17.6675,17.6925,17.6823,23,buy
2025-10-24 14:15:00+00:00,17.6554,17.6846,17.7022,316,buy
2025-10-24 14:15:06+00:00,17.6658,17.6776,17.6895,141,buy
2025-10-24 14:15:12+00:00,17.6622,17.685,17.6555,94,sell
2025-10-24 14:15:18+00:00,17.6641,17.6867,17.6571,225,sell
2025-10-24 14:15:24+00:00,17.6609,17.6933,17.6991,131,buy
2025-10-24 14:15:30+00:00,17.6694,17.6885,17.6751,313,buy
2025-10-24 14:15:36+00:00,17.6636,17.6964,17.6874,216,buy
2025-10-24 14:15:42+00:00,17.6637,17.6963,17.6725,219,sell
2025-10-24 14:15:48+00:00,17.6691,17.6909,17.6817,261,sell
2025-10-24 14:15:54+00:00,17.6659,17.6941,17.6531,180,sell
2025-10-24 14:16:00+00:00,17.6574,17.6826,17.6885,60,buy
2025-10-24 14:16:05.454545+00:00,17.6575,17.6824,17.6419,113,sell
2025-10-24 14:16:10.909090+00:00,17.6518,17.6882,17.6732,96,buy
2025-10-24 14:16:16.363635+00:00,17.6572,17.6828,17.6951,101,buy
2025-10-24 14:16:21.818180+00:00,17.6588,17.6812,17.6766,107,buy
2025-10-24 14:16:27.272725+00:00,17.6569,17.6831,17.6686,103,buy
2025-10-24 14:16:32.727270+00:00,17.6605,17.6795,17.6577,45,sell
2025-10-24 14:16:38.181815+00:00,17.6557,17.6841,17.664,11,sell
2025-10-24 14:16:43.636360+00:00,17.6544,17.6855,17.6535,86,sell
2025-10-24 14:16:49.090905+00:00,17.6559,17.6839,17.6441,106,sell
2025-10-24 14:16:54.545450+00:00,17.6592,17.6806,17.6569,65,sell
2025-10-24 14:17:00+00:00,17.6575,17.6825,17.65,42,sell
2025-10-24 14:17:06+00:00,17.6562,17.6838,17.6475,33,sell
2025-10-24 14:17:12+00:00,17.6531,17.6869,17.6762,49,buy
2025-10-24 14:17:18+00:00,17.6578,17.6822,17.6689,61,buy
2025-10-24 14:17:24+00:00,17.6561,17.6839,17.6937,31,buy
2025-10-24 14:17:30+00:00,17.6599,17.6801,17.6613,24,sell
2025-10-24 14:17:36+00:00,17.6577,17.6823,17.6775,27,buy
2025-10-24 14:17:42+00:00,17.653,17.687,17.6671,40,sell
2025-10-24 14:17:48+00:00,17.6558,17.6842,17.6479,51,sell
2025-10-24 14:17:54+00:00,17.6588,17.6812,17.6841,36,buy
2025-10-24 14:18:00+00:00,17.6579,17.6821,17.6827,107,buy
2025-10-24 14:18:05.454545+00:00,17.6623,17.6842,17.6766,57,buy
2025-10-24 14:18:10.909090+00:00,17.6633,17.6894,17.6681,73,sell
2025-10-24 14:18:16.363635+00:00,17.6647,17.6943,17.685,146,buy
2025-10-24 14:18:21.818180+00:00,17.6704,17.6956,17.6947,120,buy
2025-10-24 14:18:27.272725+00:00,17.6719,17.7006,17.7173,35,buy
2025-10-24 14:18:32.727270+00:00,17.6768,17.7012,17.6617,62,sell
2025-10-24 14:18:38.181815+00:00,17.6772,17.7028,17.6966,105,buy
2025-10-24 14:18:43.636360+00:00,17.6793,17.7007,17.7183,228,buy
2025-10-24 14:18:49.090905+00:00,17.6757,17.7043,17.6956,90,buy
2025-10-24 14:18:54.545450+00:00,17.6785,17.7015,17.7184,71,buy
2025-10-24 14:19:00+00:00,17.6677,17.6923,17.6931,83,buy
2025-10-24 14:19:06+00:00,17.6705,17.6931,17.7015,123,buy
2025-10-24 14:19:12+00:00,17.6706,17.6965,17.6758,195,sell
2025-10-24 14:19:18+00:00,17.6757,17.695,17.7078,204,buy
2025-10-24 14:19:24+00:00,17.6794,17.6948,17.6886,176,sell
2025-10-24 14:19:30+00:00,17.6781,17.6997,17.6851,222,buy
2025-10-24 14:19:36+00:00,17.6771,17.7029,17.6738,161,sell
2025-10-24 14:19:42+00:00,17.6795,17.7006,17.7043,74,buy
2025-10-24 14:19:48+00:00,17.6791,17.7009,17.717,163,buy
2025-10-24 14:19:54+00:00,17.6776,17.7024,17.6969,194,buy
2025-10-24 14:20:00+00:00,17.6768,17.7032,17.7178,18,buy
2025-10-24 14:20:05.454545+00:00,17.6816,17.6984,17.6971,28,sell
2025-10-24 14:20:10.909090+00:00,17.6769,17.7031,17.6913,12,sell
2025-10-24 14:20:16.363635+00:00,17.6768,17.7032,17.6757,10,sell
2025-10-24 14:20:21.818180+00:00,17.6734,17.7066,17.7224,10,buy
2025-10-24 14:20:27.272725+00:00,17.6724,17.7076,17.6921,30,buy
2025-10-24 14:20:32.727270+00:00,17.6753,17.7047,17.6874,22,sell
2025-10-24 14:20:38.181815+00:00,17.678,17.702,17.6651,28,sell
2025-10-24 14:20:43.636360+00:00,17.6775,17.7025,17.7102,20,buy
2025-10-24 14:20:49.090905+00:00,17.6743,17.7057,17.7206,3,buy
2025-10-24 14:20:54.545450+00:00,17.6783,17.7017,17.6992,15,buy
2025-10-24 14:21:00+00:00,17.6771,17.703,17.7185,560,buy
2025-10-24 14:21:06+00:00,17.676,17.7075,17.6864,305,sell
2025-10-24 14:21:12+00:00,17.6771,17.7098,17.7002,604,buy
2025-10-24 14:21:18+00:00,17.6781,17.7128,17.6823,526,sell
2025-10-24 14:21:24+00:00,17.6864,17.7077,17.6913,423,sell
2025-10-24 14:21:30+00:00,17.6827,17.7149,17.6998,311,sell
2025-10-24 14:21:36+00:00,17.6883,17.7117,17.7256,557,buy
2025-10-24 14:21:42+00:00,17.6883,17.7117,17.6755,337,sell
2025-10-24 14:21:48+00:00,17.6837,17.7163,17.7003,566,sell
2025-10-24 14:21:54+00:00,17.6857,17.7143,17.7214,605,buy
2025-10-24 14:22:00+00:00,17.6645,17.6955,17.6869,265,buy
2025-10-24 14:22:06+00:00,17.6707,17.6928,17.6608,47,sell
2025-10-24 14:22:12+00:00,17.6714,17.6957,17.678,137,buy
2025-10-24 14:22:18+00:00,17.6748,17.6959,17.667,174,sell
2025-10-24 14:22:24+00:00,17.6702,17.7041,17.7106,227,buy
2025-10-24 14:22:30+00:00,17.6749,17.7029,17.6898,232,buy
2025-10-24 14:22:36+00:00,17.6743,17.7057,17.6914,249,buy
2025-10-24 14:22:42+00:00,17.6788,17.7012,17.712,189,buy
2025-10-24 14:22:48+00:00,17.6814,17.6986,17.712,218,buy
2025-10-24 14:22:54+00:00,17.6754,17.7046,17.6857,57,sell
2025-10-24 14:23:00+00:00,17.6532,17.6869,17.6986,440,buy
2025-10-24 14:23:05.454545+00:00,17.6639,17.6792,17.691,318,buy
2025-10-24 14:23:10.909090+00:00,17.6605,17.6859,17.6919,239,buy
2025-10-24 14:23:16.363635+00:00,17.6629,17.6867,17.6659,236,sell
2025-10-24 14:23:21.818180+00:00,17.6663,17.6865,17.6758,294,sell
2025-10-24 14:23:27.272725+00:00,17.6647,17.6911,17.6485,312,sell
2025-10-24 14:23:32.727270+00:00,17.6674,17.6921,17.6794,165,sell
2025-10-24 14:23:38.181815+00:00,17.6667,17.6933,17.7067,160,buy
2025-10-24 14:23:43.636360+00:00,17.6619,17.6981,17.6885,202,buy
2025-10-24 14:23:49.090905+00:00,17.6659,17.6941,17.6877,224,buy
2025-10-24 14:23:54.545450+00:00,17.669,17.691,17.6695,104,sell
2025-10-24 14:24:00+00:00,17.6535,17.6862,17.6644,218,sell
2025-10-24 14:24:06.666667+00:00,17.6572,17.6788,17.6686,188,buy
2025-10-24 14:24:13.333334+00:00,17.6522,17.6795,17.6796,268,buy
2025-10-24 14:24:20.000001+00:00,17.6482,17.6799,17.6513,256,sell
2025-10-24 14:24:26.666668+00:00,17.6501,17.6737,17.6673,273,buy
2025-10-24 14:24:33.333335+00:00,17.6439,17.6761,17.6322,371,sell
2025-10-24 14:24:40.000002+00:00,17.6454,17.6746,17.6639,343,buy
2025-10-24 14:24:46.666669+00:00,17.6494,17.6706,17.6667,270,sell
2025-10-24 14:24:53.333336+00:00,17.6468,17.6732,17.6484,208,sell
2025-10-24 14:25:00+00:00,17.6428,17.6772,17.632,546,sell
2025-10-24 14:25:05+00:00,17.6449,17.6752,17.6805,374,buy
2025-10-24 14:25:10+00:00,17.6429,17.6773,17.6879,195,buy
2025-10-24 14:25:15+00:00,17.6446,17.6754,17.6409,328,sell
2025-10-24 14:25:20+00:00,17.6433,17.6767,17.679,370,buy
2025-10-24 14:25:25+00:00,17.647,17.6731,17.6903,224,buy
2025-10-24 14:25:30+00:00,17.6469,17.6731,17.6844,183,buy
2025-10-24 14:25:35+00:00,17.6485,17.6715,17.6405,327,sell
2025-10-24 14:25:40+00:00,17.6431,17.677,17.6738,379,buy
2025-10-24 14:25:45+00:00,17.6441,17.6759,17.6331,479,sell
2025-10-24 14:25:50+00:00,17.6455,17.6745,17.646,256,sell
2025-10-24 14:25:55+00:00,17.6416,17.6784,17.6375,333,sell
2025-10-24 14:26:00+00:00,17.6567,17.683,17.6543,544,sell
2025-10-24 14:26:06.666667+00:00,17.6545,17.6815,17.6635,528,sell
2025-10-24 14:26:13.333334+00:00,17.6565,17.6755,17.6595,513,sell
2025-10-24 14:26:20.000001+00:00,17.6491,17.6787,17.6643,441,buy
2025-10-24 14:26:26.666668+00:00,17.6486,17.6753,17.632,259,sell
2025-10-24 14:26:33.333335+00:00,17.6474,17.6724,17.6491,492,sell
2025-10-24 14:26:40.000002+00:00,17.6446,17.6712,17.6512,526,sell
2025-10-24 14:26:46.666669+00:00,17.6426,17.6695,17.662,386,buy
2025-10-24 14:26:53.333336+00:00,17.6362,17.6715,17.6291,505,sell
2025-10-24 14:27:00+00:00,17.6498,17.6702,17.6701,196,buy
2025-10-24 14:27:06+00:00,17.6488,17.6747,17.6394,18,sell
2025-10-24 14:27:12+00:00,17.6516,17.6755,17.667,135,buy
2025-10-24 14:27:18+00:00,17.6509,17.6799,17.6648,175,sell
2025-10-24 14:27:24+00:00,17.6545,17.6798,17.6783,110,buy
2025-10-24 14:27:30+00:00,17.6597,17.678,17.6667,152,sell
2025-10-24 14:27:36+00:00,17.6613,17.6787,17.6892,176,buy
2025-10-24 14:27:42+00:00,17.656,17.684,17.6692,141,sell
2025-10-24 14:27:48+00:00,17.6588,17.6812,17.6567,32,sell
2025-10-24 14:27:54+00:00,17.6588,17.6812,17.66,160,sell
2025-10-24 14:28:00+00:00,17.6447,17.6753,17.6836,180,buy
2025-10-24 14:28:05.454545+00:00,17.6481,17.6811,17.6987,194,buy
2025-10-24 14:28:10.909090+00:00,17.6557,17.6835,17.6764,147,buy
2025-10-24 14:28:16.363635+00:00,17.6634,17.6851,17.6781,156,buy
2025-10-24 14:28:21.818180+00:00,17.6645,17.6936,17.6902,72,buy
2025-10-24 14:28:27.272725+00:00,17.6687,17.6987,17.6839,104,sell
2025-10-24 14:28:32.727270+00:00,17.6705,17.7071,17.6544,229,sell
2025-10-24 14:28:38.181815+00:00,17.6735,17.7065,17.6977,148,buy
2025-10-24 14:28:43.636360+00:00,17.6768,17.7032,17.6822,192,sell
2025-10-24 14:28:49.090905+00:00,17.6802,17.6998,17.6788,213,sell
2025-10-24 14:28:54.545450+00:00,17.6741,17.7059,17.6843,160,sell
2025-10-24 14:29:00+00:00,17.654,17.686,17.6642,29,sell
2025-10-24 14:29:06.666667+00:00,17.6586,17.6814,17.6901,31,buy
2025-10-24 14:29:13.333334+00:00,17.6511,17.6889,17.7,41,buy
2025-10-24 14:29:20.000001+00:00,17.6578,17.6822,17.6497,53,sell
2025-10-24 14:29:26.666668+00:00,17.6554,17.6846,17.6388,39,sell
2025-10-24 14:29:33.333335+00:00,17.6553,17.6847,17.6751,38,buy
2025-10-24 14:29:40.000002+00:00,17.6566,17.6834,17.6428,38,sell
2025-10-24 14:29:46.666669+00:00,17.6529,17.6871,17.6461,10,sell
2025-10-24 14:29:53.333336+00:00,17.6632,17.6768,17.6838,17,buy
2025-10-24 14:30:00+00:00,17.6526,17.6878,17.6988,325,buy
2025-10-24 14:30:05.454545+00:00,17.6556,17.6844,17.6578,576,sell
2025-10-24 14:30:10.909090+00:00,17.6575,17.6827,17.6875,637,buy
2025-10-24 14:30:16.363635+00:00,17.657,17.683,17.6896,501,buy
2025-10-24 14:30:21.818180+00:00,17.661,17.679,17.6467,308,sell
2025-10-24 14:30:27.272725+00:00,17.6539,17.6861,17.6592,565,sell
2025-10-24 14:30:32.727270+00:00,17.6586,17.6814,17.6803,339,buy
2025-10-24 14:30:38.181815+00:00,17.6579,17.6822,17.6745,537,buy
2025-10-24 14:30:43.636360+00:00,17.6562,17.6838,17.66,297,sell
2025-10-24 14:30:49.090905+00:00,17.6578,17.6824,17.68,409,buy
2025-10-24 14:30:54.545450+00:00,17.6567,17.6835,17.6448,200,sell
2025-10-24 14:31:00+00:00,17.6576,17.6826,17.6713,308,buy
2025-10-24 14:31:07.500000+00:00,17.6607,17.6836,17.6998,475,buy
2025-10-24 14:31:15+00:00,17.6636,17.6858,17.6926,675,buy
2025-10-24 14:31:22.500000+00:00,17.6616,17.692,17.7028,716,buy
2025-10-24 14:31:30+00:00,17.6625,17.6956,17.6573,183,sell
2025-10-24 14:31:37.500000+00:00,17.6699,17.6925,17.693,324,buy
2025-10-24 14:31:45+00:00,17.6738,17.693,17.6797,685,buy
2025-10-24 14:31:52.500000+00:00,17.674,17.6982,17.6998,630,buy
2025-10-24 14:32:00+00:00,17.6776,17.7024,17.6882,136,sell
2025-10-24 14:32:06+00:00,17.6756,17.7008,17.7097,171,buy
2025-10-24 14:32:12+00:00,17.6762,17.6967,17.7122,110,buy
2025-10-24 14:32:18+00:00,17.6745,17.6948,17.6696,89,sell
2025-10-24 14:32:24+00:00,17.6692,17.6967,17.693,132,buy
2025-10-24 14:32:30+00:00,17.6659,17.6965,17.7079,81,buy
2025-10-24 14:32:36+00:00,17.6682,17.6918,17.6832,177,buy
2025-10-24 14:32:42+00:00,17.6675,17.6925,17.6677,111,sell
2025-10-24 14:32:48+00:00,17.6647,17.6953,17.7084,91,buy
2025-10-24 14:32:54+00:00,17.6663,17.6937,17.674,97,sell
2025-10-24 14:33:00+00:00,17.6676,17.6925,17.6849,39,sell
2025-10-24 14:33:06+00:00,17.6624,17.6943,17.6484,59,sell
2025-10-24 14:33:12+00:00,17.6604,17.692,17.6481,56,sell
2025-10-24 14:33:18+00:00,17.662,17.6875,17.6758,70,buy
2025-10-24 14:33:24+00:00,17.6588,17.6872,17.6607,40,sell
2025-10-24 14:33:30+00:00,17.657,17.685,17.6911,97,buy
2025-10-24 14:33:36+00:00,17.6555,17.6845,17.6844,103,buy
2025-10-24 14:33:42+00:00,17.6537,17.6863,17.6691,117,buy
2025-10-24 14:33:48+00:00,17.657,17.683,17.6528,111,sell
2025-10-24 14:33:54+00:00,17.6574,17.6826,17.6426,103,sell
2025-10-24 14:34:00+00:00,17.6739,17.706,17.7044,759,buy
2025-10-24 14:34:06+00:00,17.6782,17.7017,17.7025,469,buy
2025-10-24 14:34:12+00:00,17.682,17.6979,17.69,336,sell
2025-10-24 14:34:18+00:00,17.6774,17.7024,17.6659,1110,sell
2025-10-24 14:34:24+00:00,17.674,17.7054,17.67,762,sell
2025-10-24 14:34:30+00:00,17.6771,17.7035,17.6887,656,sell
2025-10-24 14:34:36+00:00,17.6757,17.7044,17.7135,454,buy
2025-10-24 14:34:42+00:00,17.6753,17.7043,17.7195,585,buy
2025-10-24 14:34:48+00:00,17.6774,17.7027,17.6606,705,sell
2025-10-24 14:34:54+00:00,17.6781,17.7019,17.6941,558,sell
2025-10-24 14:35:00+00:00,17.7017,17.7183,17.7144,125,buy
2025-10-24 14:35:07.500000+00:00,17.6946,17.7161,17.7012,144,buy
2025-10-24 14:35:15+00:00,17.6876,17.7138,17.6738,55,sell
2025-10-24 14:35:22.500000+00:00,17.6809,17.7115,17.6974,231,sell
2025-10-24 14:35:30+00:00,17.6802,17.7031,17.694,248,sell
2025-10-24 14:35:37.500000+00:00,17.6796,17.7004,17.6992,51,buy
2025-10-24 14:35:45+00:00,17.6745,17.7055,17.6572,309,sell
2025-10-24 14:35:52.500000+00:00,17.6786,17.7014,17.6703,332,sell
2025-10-24 14:36:00+00:00,17.6792,17.7009,17.6918,2,buy
2025-10-24 14:36:06.666667+00:00,17.6768,17.7034,17.6989,160,buy
2025-10-24 14:36:13.333334+00:00,17.6741,17.7059,17.6876,91,sell
2025-10-24 14:36:20.000001+00:00,17.673,17.707,17.6616,31,sell
2025-10-24 14:36:26.666668+00:00,17.6748,17.7052,17.6803,149,sell
2025-10-24 14:36:33.333335+00:00,17.6754,17.7047,17.6901,36,sell
2025-10-24 14:36:40.000002+00:00,17.676,17.7042,17.7154,170,buy
2025-10-24 14:36:46.666669+00:00,17.6816,17.6984,17.6706,201,sell
2025-10-24 14:36:53.333336+00:00,17.6841,17.6959,17.6905,155,sell
2025-10-24 14:37:00+00:00,17.675,17.7049,17.7011,42,buy
2025-10-24 14:37:05.454545+00:00,17.6718,17.7051,17.6728,132,sell
2025-10-24 14:37:10.909090+00:00,17.6731,17.7002,17.6885,154,buy
2025-10-24 14:37:16.363635+00:00,17.6726,17.6979,17.6635,147,sell
2025-10-24 14:37:21.818180+00:00,17.6701,17.6973,17.6696,136,sell
2025-10-24 14:37:27.272725+00:00,17.671,17.6929,17.6881,116,sell
2025-10-24 14:37:32.727270+00:00,17.6721,17.6886,17.6714,120,sell
2025-10-24 14:37:38.181815+00:00,17.6715,17.6885,17.6876,113,buy
2025-10-24 14:37:43.636360+00:00,17.6681,17.6919,17.6863,154,buy
2025-10-24 14:37:49.090905+00:00,17.664,17.696,17.6703,106,sell
2025-10-24 14:37:54.545450+00:00,17.6662,17.6938,17.6805,74,sell
2025-10-24 14:38:00+00:00,17.663,17.697,17.7145,85,buy
2025-10-24 14:38:07.500000+00:00,17.6711,17.6889,17.682,29,buy
2025-10-24 14:38:15+00:00,17.6681,17.6919,17.6542,94,sell
2025-10-24 14:38:22.500000+00:00,17.6619,17.6981,17.6461,64,sell
2025-10-24 14:38:30+00:00,17.6657,17.6943,17.6599,123,sell
2025-10-24 14:38:37.500000+00:00,17.6648,17.6954,17.7018,130,buy
2025-10-24 14:38:45+00:00,17.6662,17.6938,17.6592,21,sell
2025-10-24 14:38:52.500000+00:00,17.6677,17.6923,17.6821,150,sell
2025-10-24 14:39:00+00:00,17.6688,17.6912,17.6999,29,buy
2025-10-24 14:39:06.666667+00:00,17.6645,17.6955,17.654,35,sell
2025-10-24 14:39:13.333334+00:00,17.6689,17.6911,17.6593,46,sell
2025-10-24 14:39:20.000001+00:00,17.6664,17.6936,17.6634,37,sell
2025-10-24 14:39:26.666668+00:00,17.6685,17.6915,17.7024,22,buy
2025-10-24 14:39:33.333335+00:00,17.6714,17.6886,17.6545,14,sell
2025-10-24 14:39:40.000002+00:00,17.6653,17.6947,17.6663,47,sell
2025-10-24 14:39:46.666669+00:00,17.6703,17.6897,17.6629,44,sell
2025-10-24 14:39:53.333336+00:00,17.6658,17.6942,17.6545,22,sell
2025-10-24 14:41:00+00:00,17.6814,17.6989,17.6797,270,sell
2025-10-24 14:41:06+00:00,17.6775,17.6989,17.6927,311,buy
2025-10-24 14:41:12+00:00,17.6719,17.7009,17.6933,291,buy
2025-10-24 14:41:18+00:00,17.6676,17.7016,17.6774,264,sell
2025-10-24 14:41:24+00:00,17.6731,17.6928,17.6867,221,buy
2025-10-24 14:41:30+00:00,17.6698,17.6923,17.6703,308,sell
2025-10-24 14:41:36+00:00,17.6709,17.6891,17.6859,329,buy
2025-10-24 14:41:42+00:00,17.6661,17.6939,17.6802,143,sell
2025-10-24 14:41:48+00:00,17.663,17.697,17.6622,337,sell
2025-10-24 14:41:54+00:00,17.6674,17.6926,17.6602,220,sell
2025-10-24 14:43:00+00:00,17.6885,17.7115,17.7035,385,buy
2025-10-24 14:43:06.666667+00:00,17.6884,17.7156,17.6879,438,sell
2025-10-24 14:43:13.333334+00:00,17.6875,17.7204,17.7222,544,buy
2025-10-24 14:43:20.000001+00:00,17.6898,17.7223,17.6985,151,sell
2025-10-24 14:43:26.666668+00:00,17.6944,17.7217,17.7279,355,buy
2025-10-24 14:43:33.333335+00:00,17.6966,17.7234,17.7057,257,sell
2025-10-24 14:43:40.000002+00:00,17.6956,17.7244,17.7405,474,buy
2025-10-24 14:43:46.666669+00:00,17.6989,17.7211,17.7003,276,sell
2025-10-24 14:43:53.333336+00:00,17.696,17.724,17.7066,514,sell
2025-10-24 14:44:00+00:00,17.6948,17.7252,17.6772,1307,sell
2025-10-24 14:44:07.500000+00:00,17.6998,17.7246,17.7104,524,buy
2025-10-24 14:44:15+00:00,17.7025,17.7267,17.7146,936,buy
2025-10-24 14:44:22.500000+00:00,17.7041,17.7295,17.7246,823,buy
2025-10-24 14:44:30+00:00,17.7082,17.73,17.7397,1377,buy
2025-10-24 14:44:37.500000+00:00,17.7065,17.7335,17.7421,514,buy
2025-10-24 14:44:45+00:00,17.7027,17.7373,17.7388,1023,buy
2025-10-24 14:44:52.500000+00:00,17.7061,17.7339,17.7299,791,buy
2025-10-24 14:45:00+00:00,17.7051,17.7349,17.7291,209,buy
2025-10-24 14:45:06.666667+00:00,17.7039,17.7403,17.7512,72,buy
2025-10-24 14:45:13.333334+00:00,17.7106,17.7375,17.7444,50,buy
2025-10-24 14:45:20.000001+00:00,17.7148,17.7371,17.7256,156,sell
2025-10-24 14:45:26.666668+00:00,17.7178,17.7381,17.7202,58,sell
2025-10-24 14:45:33.333335+00:00,17.7136,17.7464,17.7093,128,sell
2025-10-24 14:45:40.000002+00:00,17.7141,17.7459,17.754,133,buy
2025-10-24 14:45:46.666669+00:00,17.7197,17.7403,17.7194,37,sell
2025-10-24 14:45:53.333336+00:00,17.7147,17.7453,17.7432,152,buy
2025-10-24 14:46:00+00:00,17.7097,17.7303,17.7421,244,buy
2025-10-24 14:46:07.500000+00:00,17.7062,17.7336,17.6999,17,sell
2025-10-24 14:46:15+00:00,17.709,17.731,17.6956,276,sell
2025-10-24 14:46:22.500000+00:00,17.706,17.734,17.7435,275,buy
2025-10-24 14:46:30+00:00,17.711,17.7289,17.6947,176,sell
2025-10-24 14:46:37.500000+00:00,17.7072,17.7328,17.7395,198,buy
2025-10-24 14:46:45+00:00,17.7073,17.7326,17.7028,307,sell
2025-10-24 14:46:52.500000+00:00,17.7062,17.7338,17.7398,202,buy
2025-10-24 14:47:00+00:00,17.6895,17.7105,17.6849,39,sell
2025-10-24 14:47:06.666667+00:00,17.693,17.7154,17.6869,33,sell
2025-10-24 14:47:13.333334+00:00,17.6901,17.7262,17.731,48,buy
2025-10-24 14:47:20.000001+00:00,17.6996,17.7245,17.7012,36,sell
2025-10-24 14:47:26.666668+00:00,17.7023,17.7297,17.7367,55,buy
2025-10-24 14:47:33.333335+00:00,17.7065,17.7335,17.7019,21,sell
2025-10-24 14:47:40.000002+00:00,17.7009,17.7391,17.7109,66,sell
2025-10-24 14:47:46.666669+00:00,17.7079,17.7321,17.7241,43,buy
2025-10-24 14:47:53.333336+00:00,17.7078,17.7322,17.7127,55,sell
2025-10-24 14:48:00+00:00,17.6939,17.7263,17.6815,122,sell
2025-10-24 14:48:07.500000+00:00,17.7026,17.7219,17.705,172,sell
2025-10-24 14:48:15+00:00,17.7003,17.7291,17.6998,239,sell
2025-10-24 14:48:22.500000+00:00,17.7103,17.7235,17.7218,197,buy
2025-10-24 14:48:30+00:00,17.7065,17.7318,17.7092,156,sell
2025-10-24 14:48:37.500000+00:00,17.7034,17.7366,17.7413,124,buy
2025-10-24 14:48:45+00:00,17.7023,17.7377,17.7445,85,buy
2025-10-24 14:48:52.500000+00:00,17.7053,17.7347,17.7504,201,buy
2025-10-24 14:49:00+00:00,17.7082,17.7318,17.7051,85,sell
2025-10-24 14:49:07.500000+00:00,17.7035,17.7365,17.7178,37,sell
2025-10-24 14:49:15+00:00,17.7061,17.7339,17.7238,53,sell
2025-10-24 14:49:22.500000+00:00,17.7096,17.7303,17.7113,54,sell
2025-10-24 14:49:30+00:00,17.6993,17.7407,17.737,40,buy
2025-10-24 14:49:37.500000+00:00,17.7067,17.7333,17.6989,28,sell
2025-10-24 14:49:45+00:00,17.711,17.7287,17.7258,62,buy
2025-10-24 14:49:52.500000+00:00,17.7018,17.7379,17.6928,37,sell
2025-10-24 14:50:00+00:00,17.6985,17.7215,17.7352,204,buy
2025-10-24 14:50:06+00:00,17.698,17.7255,17.6811,240,sell
2025-10-24 14:50:12+00:00,17.7037,17.7234,17.7128,221,sell
2025-10-24 14:50:18+00:00,17.7067,17.7242,17.739,141,buy
2025-10-24 14:50:24+00:00,17.7058,17.7284,17.7251,157,buy
2025-10-24 14:50:30+00:00,17.7034,17.7345,17.7304,134,buy
2025-10-24 14:50:36+00:00,17.703,17.737,17.7124,146,sell
2025-10-24 14:50:42+00:00,17.707,17.733,17.7169,201,buy
2025-10-24 14:50:48+00:00,17.7079,17.7321,17.7451,135,buy
2025-10-24 14:50:54+00:00,17.7069,17.7331,17.7227,117,buy
2025-10-24 14:51:00+00:00,17.7123,17.7277,17.715,55,buy
2025-10-24 14:51:07.500000+00:00,17.7118,17.7327,17.6957,144,sell
2025-10-24 14:51:15+00:00,17.7103,17.7389,17.7437,70,buy
2025-10-24 14:51:22.500000+00:00,17.7126,17.741,17.7139,218,sell
2025-10-24 14:51:30+00:00,17.7193,17.7389,17.7462,71,buy
2025-10-24 14:51:37.500000+00:00,17.715,17.745,17.7239,135,sell
2025-10-24 14:51:45+00:00,17.7137,17.7463,17.7134,155,sell
2025-10-24 14:51:52.500000+00:00,17.719,17.741,17.7437,147,buy
2025-10-24 14:52:00+00:00,17.7146,17.7454,17.7593,111,buy
2025-10-24 14:52:06.666667+00:00,17.7102,17.7417,17.7326,157,buy
2025-10-24 14:52:13.333334+00:00,17.707,17.7366,17.7542,152,buy
2025-10-24 14:52:20.000001+00:00,17.7037,17.7323,17.6976,159,sell
2025-10-24 14:52:26.666668+00:00,17.7002,17.7275,17.7049,58,sell
2025-10-24 14:52:33.333335+00:00,17.6988,17.7212,17.7065,236,sell
2025-10-24 14:52:40.000002+00:00,17.6962,17.7238,17.7333,160,buy
2025-10-24 14:52:46.666669+00:00,17.7012,17.7188,17.6889,146,sell
2025-10-24 14:52:53.333336+00:00,17.7016,17.7184,17.7096,316,sell
2025-10-24 14:54:00+00:00,17.698,17.722,17.725,378,buy
2025-10-24 14:54:06.666667+00:00,17.6943,17.7257,17.6786,299,sell
2025-10-24 14:54:13.333334+00:00,17.6955,17.7245,17.7075,214,buy
2025-10-24 14:54:20.000001+00:00,17.6994,17.7206,17.737,397,buy
2025-10-24 14:54:26.666668+00:00,17.6902,17.7298,17.6831,329,sell
2025-10-24 14:54:33.333335+00:00,17.6946,17.7254,17.7147,211,buy
2025-10-24 14:54:40.000002+00:00,17.698,17.722,17.6805,293,sell
2025-10-24 14:54:46.666669+00:00,17.7018,17.7182,17.6856,117,sell
2025-10-24 14:54:53.333336+00:00,17.6963,17.7237,17.7235,156,buy
2025-10-24 14:55:00+00:00,17.6778,17.7022,17.6875,85,buy
2025-10-24 14:55:06.666667+00:00,17.6852,17.7027,17.7091,95,buy
2025-10-24 14:55:13.333334+00:00,17.69,17.7062,17.6802,192,sell
2025-10-24 14:55:20.000001+00:00,17.6895,17.7147,17.6797,65,sell
2025-10-24 14:55:26.666668+00:00,17.6901,17.7215,17.7197,79,buy
2025-10-24 14:55:33.333335+00:00,17.6963,17.7237,17.7191,128,buy
2025-10-24 14:55:40.000002+00:00,17.6972,17.7228,17.7157,120,buy
2025-10-24 14:55:46.666669+00:00,17.6984,17.7216,17.7307,74,buy
2025-10-24 14:55:53.333336+00:00,17.6945,17.7255,17.7134,159,buy
