timestamp,bid,ask,trade_price,volume,side
2025-10-24 13:02:00+00:00,51.3207,51.3793,51.3672,0,buy
2025-10-24 13:02:01.395349+00:00,51.3287,51.3808,51.2775,0,sell
2025-10-24 13:02:02.790698+00:00,51.3224,51.4006,51.3309,0,sell
2025-10-24 13:02:04.186047+00:00,51.3404,51.3967,51.3284,0,sell
2025-10-24 13:02:05.581396+00:00,51.3347,51.4098,51.4558,0,buy
2025-10-24 13:02:06.976745+00:00,51.3478,51.4108,51.34,0,sell
2025-10-24 13:02:08.372094+00:00,51.3497,51.4203,51.3577,0,sell
2025-10-24 13:02:09.767443+00:00,51.3565,51.4261,51.4014,0,buy
2025-10-24 13:02:11.162792+00:00,51.3563,51.4335,51.4636,0,buy
2025-10-24 13:02:12.558141+00:00,51.3461,51.4552,51.4995,0,buy
2025-10-24 13:02:13.953490+00:00,51.3758,51.438,51.4536,0,buy
2025-10-24 13:02:15.348839+00:00,51.3691,51.4574,51.469,0,buy
2025-10-24 13:02:16.744188+00:00,51.3791,51.4566,51.4726,0,buy
2025-10-24 13:02:18.139537+00:00,51.387,51.4644,51.3393,0,sell
2025-10-24 13:02:19.534886+00:00,51.3736,51.4862,51.4855,0,buy
2025-10-24 13:02:20.930235+00:00,51.4114,51.4596,51.4244,0,buy
2025-10-24 13:02:22.325584+00:00,51.405,51.4786,51.4973,0,buy
2025-10-24 13:02:23.720933+00:00,51.4033,51.4878,51.3914,0,sell
2025-10-24 13:02:25.116282+00:00,51.4154,51.4923,51.4887,0,buy
2025-10-24 13:02:26.511631+00:00,51.4179,51.4997,51.4698,0,buy
2025-10-24 13:02:27.906980+00:00,51.4141,51.5115,51.4894,0,buy
2025-10-24 13:02:29.302329+00:00,51.4411,51.4953,51.5277,0,buy
2025-10-24 13:02:30.697678+00:00,51.4425,51.5129,51.4839,0,buy
2025-10-24 13:02:32.093027+00:00,51.4387,51.518,51.4778,0,buy
2025-10-24 13:02:33.488376+00:00,51.4451,51.529,51.4835,0,buy
2025-10-24 13:02:34.883725+00:00,51.4566,51.5267,51.4992,0,sell
2025-10-24 13:02:36.279074+00:00,51.4669,51.5323,51.4827,0,sell
2025-10-24 13:02:37.674423+00:00,51.4594,51.5493,51.5063,0,sell
2025-10-24 13:02:39.069772+00:00,51.4728,51.5472,51.5247,0,buy
2025-10-24 13:02:40.465121+00:00,51.4876,51.5446,51.5575,0,buy
2025-10-24 13:02:41.860470+00:00,51.4896,51.5501,51.5111,0,buy
2025-10-24 13:02:43.255819+00:00,51.4865,51.5668,51.5279,0,buy
2025-10-24 13:02:44.651168+00:00,51.4944,51.5706,51.5306,0,buy
2025-10-24 13:02:46.046517+00:00,51.5031,51.5756,51.4678,0,sell
2025-10-24 13:02:47.441866+00:00,51.5204,51.5664,51.4936,0,sell
2025-10-24 13:02:48.837215+00:00,51.5118,51.5806,51.6097,0,buy
2025-10-24 13:02:50.232564+00:00,51.5078,51.5922,51.6239,0,buy
2025-10-24 13:02:51.627913+00:00,51.5209,51.5791,51.5325,0,buy
2025-10-24 13:02:53.023262+00:00,51.5042,51.5958,51.5634,0,buy
2025-10-24 13:02:54.418611+00:00,51.5155,51.5845,51.5207,0,sell
2025-10-24 13:02:55.813960+00:00,51.5141,51.5859,51.6037,0,buy
2025-10-24 13:02:57.209309+00:00,51.5195,51.5805,51.6049,0,buy
2025-10-24 13:02:58.604658+00:00,51.5083,51.5917,51.6256,0,buy
2025-10-24 13:03:00+00:00,51.412,51.4872,51.3767,94,sell
2025-10-24 13:03:01.578947+00:00,51.405,51.4946,51.4123,37,sell
2025-10-24 13:03:03.157894+00:00,51.4002,51.4978,51.3817,29,sell
2025-10-24 13:03:04.736841+00:00,51.4094,51.4901,51.4084,54,sell
2025-10-24 13:03:06.315788+00:00,51.4126,51.4874,51.4222,65,sell
2025-10-24 13:03:07.894735+00:00,51.4205,51.4807,51.4653,40,buy
2025-10-24 13:03:09.473682+00:00,51.4084,51.4937,51.5057,48,buy
2025-10-24 13:03:11.052629+00:00,51.3984,51.5003,51.5289,69,buy
2025-10-24 13:03:12.631576+00:00,51.4153,51.4836,51.4401,92,sell
2025-10-24 13:03:14.210523+00:00,51.416,51.4846,51.41,53,sell
2025-10-24 13:03:15.789470+00:00,51.4241,51.4743,51.5018,91,buy
2025-10-24 13:03:17.368417+00:00,51.3932,51.5042,51.5418,35,buy
2025-10-24 13:03:18.947364+00:00,51.41,51.4907,51.4307,31,sell
2025-10-24 13:03:20.526311+00:00,51.4158,51.4813,51.3999,74,sell
2025-10-24 13:03:22.105258+00:00,51.4168,51.4827,51.4622,91,sell
2025-10-24 13:03:23.684205+00:00,51.3949,51.5061,51.3992,32,sell
2025-10-24 13:03:25.263152+00:00,51.4135,51.4855,51.4118,33,sell
2025-10-24 13:03:26.842099+00:00,51.4197,51.4804,51.5215,67,buy
2025-10-24 13:03:28.421046+00:00,51.407,51.492,51.4418,50,buy
2025-10-24 13:03:29.999993+00:00,51.4137,51.4841,51.4446,74,buy
2025-10-24 13:03:31.578940+00:00,51.4127,51.4867,51.5213,106,buy
2025-10-24 13:03:33.157887+00:00,51.4247,51.4734,51.4202,47,sell
2025-10-24 13:03:34.736834+00:00,51.4236,51.4748,51.3878,104,sell
2025-10-24 13:03:36.315781+00:00,51.4072,51.4931,51.4536,72,buy
2025-10-24 13:03:37.894728+00:00,51.4128,51.4843,51.3974,64,sell
2025-10-24 13:03:39.473675+00:00,51.4062,51.4928,51.3974,53,sell
2025-10-24 13:03:41.052622+00:00,51.4186,51.4821,51.5275,55,buy
2025-10-24 13:03:42.631569+00:00,51.4054,51.4969,51.3958,111,sell
2025-10-24 13:03:44.210516+00:00,51.4119,51.4874,51.3963,81,sell
2025-10-24 13:03:45.789463+00:00,51.4086,51.4923,51.4114,8,sell
2025-10-24 13:03:47.368410+00:00,51.4169,51.4806,51.383,108,sell
2025-10-24 13:03:48.947357+00:00,51.4268,51.4756,51.4351,69,sell
2025-10-24 13:03:50.526304+00:00,51.4179,51.4832,51.4454,39,sell
2025-10-24 13:03:52.105251+00:00,51.4093,51.4905,51.4224,54,sell
2025-10-24 13:03:53.684198+00:00,51.4048,51.4974,51.5471,106,buy
2025-10-24 13:03:55.263145+00:00,51.4041,51.4937,51.385,30,sell
2025-10-24 13:03:56.842092+00:00,51.4229,51.4804,51.3766,61,sell
2025-10-24 13:03:58.421039+00:00,51.4187,51.4824,51.4597,54,sell
2025-10-24 13:04:00+00:00,51.3909,51.4925,51.5316,13,buy
2025-10-24 13:04:01.578947+00:00,51.4076,51.4905,51.4896,44,buy
2025-10-24 13:04:03.157894+00:00,51.4137,51.5013,51.4409,95,sell
2025-10-24 13:04:04.736841+00:00,51.4219,51.508,51.3751,47,sell
2025-10-24 13:04:06.315788+00:00,51.4366,51.5125,51.4684,66,sell
2025-10-24 13:04:07.894735+00:00,51.4441,51.5125,51.4654,53,sell
2025-10-24 13:04:09.473682+00:00,51.4448,51.5308,51.4937,151,buy
2025-10-24 13:04:11.052629+00:00,51.4648,51.5298,51.4566,102,sell
2025-10-24 13:04:12.631576+00:00,51.4715,51.5412,51.4974,18,buy
2025-10-24 13:04:14.210523+00:00,51.4628,51.5634,51.4533,145,sell
2025-10-24 13:04:15.789470+00:00,51.4845,51.5627,51.5318,43,sell
2025-10-24 13:04:17.368417+00:00,51.4877,51.5738,51.5103,79,sell
2025-10-24 13:04:18.947364+00:00,51.4939,51.5843,51.4718,120,sell
2025-10-24 13:04:20.526311+00:00,51.5067,51.5871,51.5506,123,buy
2025-10-24 13:04:22.105258+00:00,51.5268,51.5832,51.4896,103,sell
2025-10-24 13:04:23.684205+00:00,51.5413,51.5827,51.5747,74,buy
2025-10-24 13:04:25.263152+00:00,51.5366,51.6014,51.5882,143,buy
2025-10-24 13:04:26.842099+00:00,51.5369,51.6224,51.5635,72,sell
2025-10-24 13:04:28.421046+00:00,51.5548,51.6193,51.5292,41,sell
2025-10-24 13:04:29.999993+00:00,51.5673,51.6207,51.5859,79,buy
2025-10-24 13:04:31.578940+00:00,51.5625,51.6489,51.5427,118,sell
2025-10-24 13:04:33.157887+00:00,51.5842,51.6368,51.6389,79,buy
2025-10-24 13:04:34.736834+00:00,51.5832,51.6571,51.6377,8,buy
2025-10-24 13:04:36.315781+00:00,51.5912,51.6648,51.683,88,buy
2025-10-24 13:04:37.894728+00:00,51.5954,51.6646,51.6199,9,buy
2025-10-24 13:04:39.473675+00:00,51.6059,51.6541,51.6958,131,buy
2025-10-24 13:04:41.052622+00:00,51.5893,51.6707,51.6541,55,buy
2025-10-24 13:04:42.631569+00:00,51.5948,51.6652,51.5825,56,sell
2025-10-24 13:04:44.210516+00:00,51.5902,51.6698,51.5848,96,sell
2025-10-24 13:04:45.789463+00:00,51.596,51.664,51.708,122,buy
2025-10-24 13:04:47.368410+00:00,51.588,51.672,51.5857,147,sell
2025-10-24 13:04:48.947357+00:00,51.5819,51.6781,51.5413,115,sell
2025-10-24 13:04:50.526304+00:00,51.5791,51.6809,51.6331,73,buy
2025-10-24 13:04:52.105251+00:00,51.5892,51.6708,51.553,50,sell
2025-10-24 13:04:53.684198+00:00,51.5814,51.6787,51.6604,97,buy
2025-10-24 13:04:55.263145+00:00,51.583,51.677,51.5562,29,sell
2025-10-24 13:04:56.842092+00:00,51.5961,51.6639,51.5744,104,sell
2025-10-24 13:04:58.421039+00:00,51.5964,51.6636,51.6186,90,sell
2025-10-24 13:05:00+00:00,51.6036,51.677,51.6995,60,buy
2025-10-24 13:05:01.538462+00:00,51.594,51.6911,51.6415,46,sell
2025-10-24 13:05:03.076924+00:00,51.6011,51.6845,51.6608,94,buy
2025-10-24 13:05:04.615386+00:00,51.6007,51.6886,51.728,45,buy
2025-10-24 13:05:06.153848+00:00,51.6036,51.6861,51.5849,64,sell
2025-10-24 13:05:07.692310+00:00,51.6048,51.6897,51.5948,91,sell
2025-10-24 13:05:09.230772+00:00,51.6131,51.6835,51.5921,59,sell
2025-10-24 13:05:10.769234+00:00,51.6125,51.6843,51.5848,114,sell
2025-10-24 13:05:12.307696+00:00,51.6174,51.6834,51.6935,93,buy
2025-10-24 13:05:13.846158+00:00,51.6144,51.6882,51.6987,43,buy
2025-10-24 13:05:15.384620+00:00,51.6112,51.6961,51.7237,100,buy
2025-10-24 13:05:16.923082+00:00,51.6138,51.6962,51.6726,56,buy
2025-10-24 13:05:18.461544+00:00,51.6113,51.6975,51.6867,64,buy
2025-10-24 13:05:20.000006+00:00,51.613,51.7017,51.6778,39,buy
2025-10-24 13:05:21.538468+00:00,51.615,51.7001,51.6601,138,buy
2025-10-24 13:05:23.076930+00:00,51.636,51.6831,51.6851,44,sell
2025-10-24 13:05:24.615392+00:00,51.6292,51.6916,51.618,82,sell
2025-10-24 13:05:26.153854+00:00,51.6163,51.705,51.6556,62,buy
2025-10-24 13:05:27.692316+00:00,51.6234,51.7029,51.7368,108,buy
2025-10-24 13:05:29.230778+00:00,51.6398,51.686,51.6807,165,buy
2025-10-24 13:05:30.769240+00:00,51.6216,51.7102,51.7439,84,buy
2025-10-24 13:05:32.307702+00:00,51.6195,51.7129,51.6615,43,sell
2025-10-24 13:05:33.846164+00:00,51.6158,51.7198,51.6058,118,sell
2025-10-24 13:05:35.384626+00:00,51.6355,51.6998,51.6646,75,buy
2025-10-24 13:05:36.923088+00:00,51.6401,51.699,51.6777,86,buy
2025-10-24 13:05:38.461550+00:00,51.6349,51.7088,51.702,99,buy
2025-10-24 13:05:40.000012+00:00,51.613,51.7308,51.6994,68,buy
2025-10-24 13:05:41.538474+00:00,51.6521,51.6983,51.6416,85,sell
2025-10-24 13:05:43.076936+00:00,51.6315,51.7214,51.7324,35,buy
2025-10-24 13:05:44.615398+00:00,51.6287,51.7237,51.6039,78,sell
2025-10-24 13:05:46.153860+00:00,51.6304,51.7266,51.7444,126,buy
2025-10-24 13:05:47.692322+00:00,51.6355,51.7206,51.7188,74,buy
2025-10-24 13:05:49.230784+00:00,51.6465,51.714,51.6817,82,buy
2025-10-24 13:05:50.769246+00:00,51.6493,51.7125,51.6478,162,sell
2025-10-24 13:05:52.307708+00:00,51.647,51.7192,51.6791,130,sell
2025-10-24 13:05:53.846170+00:00,51.634,51.7362,51.7499,13,buy
2025-10-24 13:05:55.384632+00:00,51.6518,51.7194,51.7281,61,buy
2025-10-24 13:05:56.923094+00:00,51.6544,51.7199,51.6923,6,sell
2025-10-24 13:05:58.461556+00:00,51.6566,51.7194,51.6602,88,sell
2025-10-24 13:06:00+00:00,51.6186,51.7217,51.6289,18,sell
2025-10-24 13:06:02.222222+00:00,51.6251,51.7199,51.6818,35,buy
2025-10-24 13:06:04.444444+00:00,51.6387,51.7117,51.6066,80,sell
2025-10-24 13:06:06.666666+00:00,51.6389,51.7154,51.6408,18,sell
2025-10-24 13:06:08.888888+00:00,51.6428,51.7163,51.6886,77,buy
2025-10-24 13:06:11.111110+00:00,51.6546,51.71,51.6924,48,buy
2025-10-24 13:06:13.333332+00:00,51.6486,51.7208,51.6713,22,buy
2025-10-24 13:06:15.555554+00:00,51.643,51.7309,51.6041,19,sell
2025-10-24 13:06:17.777776+00:00,51.6496,51.7302,51.6325,64,sell
2025-10-24 13:06:19.999998+00:00,51.6682,51.7169,51.6697,71,buy
2025-10-24 13:06:22.222220+00:00,51.6516,51.7381,51.7701,24,buy
2025-10-24 13:06:24.444442+00:00,51.645,51.7488,51.6442,68,sell
2025-10-24 13:06:26.666664+00:00,51.6608,51.7379,51.7113,43,buy
2025-10-24 13:06:28.888886+00:00,51.6542,51.7495,51.6258,65,sell
2025-10-24 13:06:31.111108+00:00,51.6639,51.7454,51.631,20,sell
2025-10-24 13:06:33.333330+00:00,51.6724,51.7417,51.6946,70,buy
2025-10-24 13:06:35.555552+00:00,51.668,51.7514,51.7406,29,buy
2025-10-24 13:06:37.777774+00:00,51.6612,51.7588,51.6128,11,sell
2025-10-24 13:06:39.999996+00:00,51.6767,51.7433,51.7057,68,sell
2025-10-24 13:06:42.222218+00:00,51.6661,51.7539,51.634,76,sell
2025-10-24 13:06:44.444440+00:00,51.6663,51.7537,51.668,62,sell
2025-10-24 13:06:46.666662+00:00,51.6741,51.7459,51.7079,10,sell
2025-10-24 13:06:48.888884+00:00,51.6704,51.7496,51.7093,51,sell
2025-10-24 13:06:51.111106+00:00,51.6734,51.7466,51.7445,54,buy
2025-10-24 13:06:53.333328+00:00,51.6732,51.7468,51.7334,41,buy
2025-10-24 13:06:55.555550+00:00,51.6759,51.7441,51.7101,95,buy
2025-10-24 13:06:57.777772+00:00,51.6564,51.7636,51.7294,45,buy
2025-10-24 13:07:00+00:00,51.638,51.702,51.7094,0,buy
2025-10-24 13:07:01.578947+00:00,51.6414,51.6986,51.6186,0,sell
2025-10-24 13:07:03.157894+00:00,51.6242,51.7158,51.5866,0,sell
2025-10-24 13:07:04.736841+00:00,51.6257,51.7143,51.6022,0,sell
2025-10-24 13:07:06.315788+00:00,51.6349,51.7051,51.5925,0,sell
2025-10-24 13:07:07.894735+00:00,51.6265,51.7135,51.622,0,sell
2025-10-24 13:07:09.473682+00:00,51.6275,51.7125,51.7495,0,buy
2025-10-24 13:07:11.052629+00:00,51.6253,51.7147,51.7584,0,buy
2025-10-24 13:07:12.631576+00:00,51.6379,51.7021,51.6804,0,buy
2025-10-24 13:07:14.210523+00:00,51.6352,51.7048,51.6785,0,buy
2025-10-24 13:07:15.789470+00:00,51.6339,51.7061,51.622,0,sell
2025-10-24 13:07:17.368417+00:00,51.633,51.707,51.6193,0,sell
2025-10-24 13:07:18.947364+00:00,51.6304,51.7096,51.6592,0,buy
2025-10-24 13:07:20.526311+00:00,51.6357,51.7043,51.732,0,buy
2025-10-24 13:07:22.105258+00:00,51.621,51.719,51.7504,0,buy
2025-10-24 13:07:23.684205+00:00,51.6283,51.7117,51.7452,0,buy
2025-10-24 13:07:25.263152+00:00,51.6313,51.7087,51.7508,0,buy
2025-10-24 13:07:26.842099+00:00,51.6347,51.7053,51.6553,0,sell
2025-10-24 13:07:28.421046+00:00,51.629,51.711,51.6844,0,buy
2025-10-24 13:07:29.999993+00:00,51.6248,51.7152,51.6313,0,sell
2025-10-24 13:07:31.578940+00:00,51.6443,51.6957,51.7447,0,buy
2025-10-24 13:07:33.157887+00:00,51.6269,51.7131,51.6687,0,buy
2025-10-24 13:07:34.736834+00:00,51.6444,51.6956,51.6283,0,sell
2025-10-24 13:07:36.315781+00:00,51.6348,51.7052,51.6002,0,sell
2025-10-24 13:07:37.894728+00:00,51.6307,51.7093,51.7428,0,buy
2025-10-24 13:07:39.473675+00:00,51.6408,51.6992,51.6874,0,sell
2025-10-24 13:07:41.052622+00:00,51.621,51.719,51.6524,0,sell
2025-10-24 13:07:42.631569+00:00,51.6223,51.7177,51.6483,0,sell
2025-10-24 13:07:44.210516+00:00,51.6389,51.7011,51.7261,0,buy
2025-10-24 13:07:45.789463+00:00,51.6335,51.7065,51.7499,0,buy
2025-10-24 13:07:47.368410+00:00,51.6208,51.7192,51.5997,0,sell
2025-10-24 13:07:48.947357+00:00,51.6223,51.7177,51.621,0,sell
2025-10-24 13:07:50.526304+00:00,51.6299,51.7101,51.589,0,sell
2025-10-24 13:07:52.105251+00:00,51.6224,51.7176,51.6814,0,buy
2025-10-24 13:07:53.684198+00:00,51.6341,51.7059,51.7519,0,buy
2025-10-24 13:07:55.263145+00:00,51.6315,51.7085,51.6604,0,sell
2025-10-24 13:07:56.842092+00:00,51.6297,51.7103,51.7366,0,buy
2025-10-24 13:07:58.421039+00:00,51.6267,51.7133,51.7073,0,buy
2025-10-24 13:08:00+00:00,51.6198,51.7002,51.6141,15,sell
2025-10-24 13:08:01.621622+00:00,51.6306,51.6885,51.692,30,buy
2025-10-24 13:08:03.243244+00:00,51.6195,51.6986,51.7299,22,buy
2025-10-24 13:08:04.864866+00:00,51.6084,51.7089,51.654,16,sell
2025-10-24 13:08:06.486488+00:00,51.6168,51.6997,51.6377,13,sell
2025-10-24 13:08:08.108110+00:00,51.6144,51.7013,51.702,14,buy
2025-10-24 13:08:09.729732+00:00,51.6258,51.6889,51.6474,20,buy
2025-10-24 13:08:11.351354+00:00,51.6206,51.693,51.6734,13,buy
2025-10-24 13:08:12.972976+00:00,51.6076,51.7053,51.688,22,buy
2025-10-24 13:08:14.594598+00:00,51.6166,51.6954,51.738,21,buy
2025-10-24 13:08:16.216220+00:00,51.6221,51.6891,51.6575,14,sell
2025-10-24 13:08:17.837842+00:00,51.6132,51.697,51.6108,14,sell
2025-10-24 13:08:19.459464+00:00,51.6199,51.6895,51.7084,24,buy
2025-10-24 13:08:21.081086+00:00,51.6056,51.7029,51.6646,8,buy
2025-10-24 13:08:22.702708+00:00,51.6181,51.6895,51.6633,16,sell
2025-10-24 13:08:24.324330+00:00,51.6099,51.6971,51.7007,11,buy
2025-10-24 13:08:25.945952+00:00,51.6095,51.6963,51.672,24,buy
2025-10-24 13:08:27.567574+00:00,51.6256,51.6792,51.7188,23,buy
2025-10-24 13:08:29.189196+00:00,51.6212,51.6828,51.615,9,sell
2025-10-24 13:08:30.810818+00:00,51.6117,51.6914,51.6667,16,buy
2025-10-24 13:08:32.432440+00:00,51.6169,51.6853,51.6383,31,buy
2025-10-24 13:08:34.054062+00:00,51.6074,51.6941,51.5624,19,sell
2025-10-24 13:08:35.675684+00:00,51.6144,51.686,51.673,14,buy
2025-10-24 13:08:37.297306+00:00,51.6227,51.6773,51.6223,16,sell
2025-10-24 13:08:38.918928+00:00,51.6133,51.6867,51.5814,29,sell
2025-10-24 13:08:40.540550+00:00,51.6039,51.6961,51.6703,26,buy
2025-10-24 13:08:42.162172+00:00,51.6147,51.6853,51.5906,15,sell
2025-10-24 13:08:43.783794+00:00,51.6146,51.6854,51.6039,17,sell
2025-10-24 13:08:45.405416+00:00,51.6129,51.6871,51.5679,25,sell
2025-10-24 13:08:47.027038+00:00,51.6026,51.6974,51.5944,25,sell
2025-10-24 13:08:48.648660+00:00,51.6057,51.6943,51.6825,24,buy
2025-10-24 13:08:50.270282+00:00,51.6143,51.6857,51.584,16,sell
2025-10-24 13:08:51.891904+00:00,51.6104,51.6896,51.5922,18,sell
2025-10-24 13:08:53.513526+00:00,51.6174,51.6826,51.6852,16,buy
2025-10-24 13:08:55.135148+00:00,51.6006,51.6994,51.5496,13,sell
2025-10-24 13:08:56.756770+00:00,51.5992,51.7008,51.6343,20,sell
2025-10-24 13:08:58.378392+00:00,51.6065,51.6935,51.5967,13,sell
2025-10-24 13:09:00+00:00,51.5665,51.6535,51.5188,0,sell
2025-10-24 13:09:01.714286+00:00,51.5814,51.6386,51.5501,0,sell
2025-10-24 13:09:03.428572+00:00,51.563,51.657,51.584,0,sell
2025-10-24 13:09:05.142858+00:00,51.5783,51.6417,51.5985,0,buy
2025-10-24 13:09:06.857144+00:00,51.5675,51.6525,51.6383,0,buy
2025-10-24 13:09:08.571430+00:00,51.5653,51.6547,51.6413,0,buy
2025-10-24 13:09:10.285716+00:00,51.5664,51.6536,51.6168,0,sell
2025-10-24 13:09:12.000002+00:00,51.5832,51.6368,51.5913,0,sell
2025-10-24 13:09:13.714288+00:00,51.5557,51.6643,51.5654,0,sell
2025-10-24 13:09:15.428574+00:00,51.5695,51.6505,51.5693,0,sell
2025-10-24 13:09:17.142860+00:00,51.5688,51.6512,51.6358,0,buy
2025-10-24 13:09:18.857146+00:00,51.5646,51.6554,51.6193,0,buy
2025-10-24 13:09:20.571432+00:00,51.5739,51.6461,51.6124,0,buy
2025-10-24 13:09:22.285718+00:00,51.5785,51.6415,51.6129,0,buy
2025-10-24 13:09:24.000004+00:00,51.5572,51.6628,51.641,0,buy
2025-10-24 13:09:25.714290+00:00,51.5747,51.6453,51.5829,0,sell
2025-10-24 13:09:27.428576+00:00,51.5717,51.6483,51.6104,0,buy
2025-10-24 13:09:29.142862+00:00,51.5757,51.6443,51.6063,0,sell
2025-10-24 13:09:30.857148+00:00,51.5683,51.6517,51.6688,0,buy
2025-10-24 13:09:32.571434+00:00,51.5686,51.6514,51.6141,0,buy
2025-10-24 13:09:34.285720+00:00,51.5621,51.6579,51.67,0,buy
2025-10-24 13:09:36.000006+00:00,51.5759,51.6441,51.5863,0,sell
2025-10-24 13:09:37.714292+00:00,51.5659,51.6541,51.5883,0,sell
2025-10-24 13:09:39.428578+00:00,51.5757,51.6443,51.5873,0,sell
2025-10-24 13:09:41.142864+00:00,51.5635,51.6565,51.5287,0,sell
2025-10-24 13:09:42.857150+00:00,51.5762,51.6438,51.6079,0,buy
2025-10-24 13:09:44.571436+00:00,51.5737,51.6464,51.5967,0,buy
2025-10-24 13:09:46.285722+00:00,51.5666,51.6534,51.6865,0,buy
2025-10-24 13:09:48.000008+00:00,51.5701,51.6499,51.6289,0,buy
2025-10-24 13:09:49.714294+00:00,51.5555,51.6645,51.5857,0,sell
2025-10-24 13:09:51.428580+00:00,51.5766,51.6434,51.5944,0,buy
2025-10-24 13:09:53.142866+00:00,51.5554,51.6646,51.6965,0,buy
2025-10-24 13:09:54.857152+00:00,51.5708,51.6492,51.611,0,sell
2025-10-24 13:09:56.571438+00:00,51.5722,51.6478,51.5459,0,sell
2025-10-24 13:09:58.285724+00:00,51.5628,51.6572,51.6599,0,buy
2025-10-24 13:10:00+00:00,51.5361,51.6052,51.646,57,buy
2025-10-24 13:10:01.428571+00:00,51.5408,51.6064,51.6287,26,buy
2025-10-24 13:10:02.857142+00:00,51.5455,51.6142,51.4963,49,sell
2025-10-24 13:10:04.285713+00:00,51.5489,51.6184,51.5777,68,buy
2025-10-24 13:10:05.714284+00:00,51.547,51.6317,51.5524,16,sell
2025-10-24 13:10:07.142855+00:00,51.5535,51.6321,51.6079,21,buy
2025-10-24 13:10:08.571426+00:00,51.5666,51.6291,51.6036,33,sell
2025-10-24 13:10:09.999997+00:00,51.5556,51.6512,51.6194,36,buy
2025-10-24 13:10:11.428568+00:00,51.5792,51.635,51.6268,59,buy
2025-10-24 13:10:12.857139+00:00,51.5745,51.6498,51.5826,29,sell
2025-10-24 13:10:14.285710+00:00,51.5854,51.6491,51.6568,36,buy
2025-10-24 13:10:15.714281+00:00,51.5821,51.6624,51.6309,35,sell
2025-10-24 13:10:17.142852+00:00,51.5881,51.6625,51.61,35,sell
2025-10-24 13:10:18.571423+00:00,51.6052,51.6563,51.591,50,sell
2025-10-24 13:10:19.999994+00:00,51.5939,51.6788,51.6145,79,sell
2025-10-24 13:10:21.428565+00:00,51.606,51.674,51.5874,48,sell
2025-10-24 13:10:22.857136+00:00,51.611,51.6788,51.6594,39,buy
2025-10-24 13:10:24.285707+00:00,51.6111,51.688,51.6943,35,buy
2025-10-24 13:10:25.714278+00:00,51.6231,51.6841,51.67,37,buy
2025-10-24 13:10:27.142849+00:00,51.6093,51.7076,51.7036,84,buy
2025-10-24 13:10:28.571420+00:00,51.6317,51.696,51.6644,31,sell
2025-10-24 13:10:29.999991+00:00,51.6347,51.7003,51.681,40,buy
2025-10-24 13:10:31.428562+00:00,51.6383,51.707,51.6141,34,sell
2025-10-24 13:10:32.857133+00:00,51.6509,51.7073,51.6656,37,buy
2025-10-24 13:10:34.285704+00:00,51.6387,51.7252,51.6455,48,sell
2025-10-24 13:10:35.714275+00:00,51.6405,51.732,51.7417,37,buy
2025-10-24 13:10:37.142846+00:00,51.6525,51.7275,51.7119,51,buy
2025-10-24 13:10:38.571417+00:00,51.6541,51.7259,51.7749,62,buy
2025-10-24 13:10:39.999988+00:00,51.663,51.717,51.6419,40,sell
2025-10-24 13:10:41.428559+00:00,51.6577,51.7223,51.7011,47,sell
2025-10-24 13:10:42.857130+00:00,51.6478,51.7321,51.7624,46,buy
2025-10-24 13:10:44.285701+00:00,51.643,51.737,51.686,48,sell
2025-10-24 13:10:45.714272+00:00,51.6427,51.7373,51.6429,61,sell
2025-10-24 13:10:47.142843+00:00,51.6446,51.7354,51.6403,58,sell
2025-10-24 13:10:48.571414+00:00,51.6325,51.7475,51.6062,48,sell
2025-10-24 13:10:49.999985+00:00,51.6456,51.7344,51.6507,32,sell
2025-10-24 13:10:51.428556+00:00,51.6583,51.7217,51.7148,88,buy
2025-10-24 13:10:52.857127+00:00,51.6418,51.7382,51.7438,19,buy
2025-10-24 13:10:54.285698+00:00,51.6446,51.7354,51.677,61,sell
2025-10-24 13:10:55.714269+00:00,51.6493,51.7307,51.666,30,sell
2025-10-24 13:10:57.142840+00:00,51.6378,51.7422,51.7053,32,buy
2025-10-24 13:10:58.571411+00:00,51.6548,51.7252,51.7159,57,buy
2025-10-24 13:11:00+00:00,51.6445,51.7174,51.6879,98,sell
2025-10-24 13:11:01.714286+00:00,51.6388,51.7182,51.7648,36,buy
2025-10-24 13:11:03.428572+00:00,51.6411,51.7129,51.5909,90,sell
2025-10-24 13:11:05.142858+00:00,51.6364,51.7155,51.766,89,buy
2025-10-24 13:11:06.857144+00:00,51.6297,51.7185,51.6764,99,buy
2025-10-24 13:11:08.571430+00:00,51.627,51.7191,51.6356,75,sell
2025-10-24 13:11:10.285716+00:00,51.6217,51.7218,51.6117,48,sell
2025-10-24 13:11:12.000002+00:00,51.6227,51.7174,51.6739,72,buy
2025-10-24 13:11:13.714288+00:00,51.6299,51.7072,51.6165,90,sell
2025-10-24 13:11:15.428574+00:00,51.6288,51.7052,51.5912,67,sell
2025-10-24 13:11:17.142860+00:00,51.6236,51.7097,51.6568,71,sell
2025-10-24 13:11:18.857146+00:00,51.6208,51.7071,51.5817,85,sell
2025-10-24 13:11:20.571432+00:00,51.6155,51.71,51.6687,89,buy
2025-10-24 13:11:22.285718+00:00,51.625,51.6997,51.7496,67,buy
2025-10-24 13:11:24.000004+00:00,51.6342,51.6858,51.6776,128,buy
2025-10-24 13:11:25.714290+00:00,51.6289,51.689,51.7177,90,buy
2025-10-24 13:11:27.428576+00:00,51.6211,51.6946,51.6771,72,buy
2025-10-24 13:11:29.142862+00:00,51.617,51.6955,51.628,54,sell
2025-10-24 13:11:30.857148+00:00,51.6036,51.7044,51.5979,57,sell
2025-10-24 13:11:32.571434+00:00,51.6057,51.7005,51.7517,62,buy
2025-10-24 13:11:34.285720+00:00,51.6075,51.6954,51.6116,113,sell
2025-10-24 13:11:36.000006+00:00,51.6161,51.685,51.7089,28,buy
2025-10-24 13:11:37.714292+00:00,51.6172,51.6828,51.611,65,sell
2025-10-24 13:11:39.428578+00:00,51.6236,51.6764,51.6558,61,sell
2025-10-24 13:11:41.142864+00:00,51.6194,51.6806,51.628,84,sell
2025-10-24 13:11:42.857150+00:00,51.6057,51.6943,51.6654,58,buy
2025-10-24 13:11:44.571436+00:00,51.5947,51.7053,51.6338,71,sell
2025-10-24 13:11:46.285722+00:00,51.6151,51.6849,51.7066,51,buy
2025-10-24 13:11:48.000008+00:00,51.6196,51.6804,51.6534,96,sell
2025-10-24 13:11:49.714294+00:00,51.6164,51.6836,51.7317,84,buy
2025-10-24 13:11:51.428580+00:00,51.6095,51.6906,51.7085,110,buy
2025-10-24 13:11:53.142866+00:00,51.6132,51.6868,51.7022,90,buy
2025-10-24 13:11:54.857152+00:00,51.62,51.68,51.6408,112,sell
2025-10-24 13:11:56.571438+00:00,51.6217,51.6783,51.6006,96,sell
2025-10-24 13:11:58.285724+00:00,51.6059,51.6941,51.584,24,sell
2025-10-24 13:13:00+00:00,51.6816,51.7384,51.7235,96,sell
2025-10-24 13:13:01.500000+00:00,51.6694,51.7472,51.6221,131,sell
2025-10-24 13:13:03+00:00,51.6883,51.7261,51.7225,115,buy
2025-10-24 13:13:04.500000+00:00,51.667,51.7452,51.6616,97,sell
2025-10-24 13:13:06+00:00,51.6605,51.7498,51.6916,135,sell
2025-10-24 13:13:07.500000+00:00,51.6662,51.7414,51.7456,105,buy
2025-10-24 13:13:09+00:00,51.6771,51.728,51.662,147,sell
2025-10-24 13:13:10.500000+00:00,51.6656,51.7358,51.6223,209,sell
2025-10-24 13:13:12+00:00,51.6617,51.7384,51.6522,140,sell
2025-10-24 13:13:13.500000+00:00,51.6615,51.7369,51.6259,149,sell
2025-10-24 13:13:15+00:00,51.6703,51.7261,51.7332,122,buy
2025-10-24 13:13:16.500000+00:00,51.6678,51.7242,51.6437,186,sell
2025-10-24 13:13:18+00:00,51.6528,51.7384,51.6282,43,sell
2025-10-24 13:13:19.500000+00:00,51.6672,51.7206,51.6788,120,buy
2025-10-24 13:13:21+00:00,51.6512,51.735,51.6416,179,sell
2025-10-24 13:13:22.500000+00:00,51.6409,51.7411,51.7267,79,buy
2025-10-24 13:13:24+00:00,51.6581,51.7221,51.6077,162,sell
2025-10-24 13:13:25.500000+00:00,51.6485,51.7301,51.7434,98,buy
2025-10-24 13:13:27+00:00,51.6472,51.729,51.7422,87,buy
2025-10-24 13:13:28.500000+00:00,51.6501,51.7227,51.6962,120,sell
2025-10-24 13:13:30+00:00,51.6335,51.7371,51.6806,133,sell
2025-10-24 13:13:31.500000+00:00,51.6502,51.7178,51.6359,129,sell
2025-10-24 13:13:33+00:00,51.6396,51.7268,51.6961,107,buy
2025-10-24 13:13:34.500000+00:00,51.6366,51.7263,51.6531,31,sell
2025-10-24 13:13:36+00:00,51.6393,51.7219,51.5976,139,sell
2025-10-24 13:13:37.500000+00:00,51.6554,51.7026,51.6839,129,sell
2025-10-24 13:13:39+00:00,51.6346,51.7216,51.5831,79,sell
2025-10-24 13:13:40.500000+00:00,51.646,51.7069,51.6727,10,sell
2025-10-24 13:13:42+00:00,51.6278,51.7237,51.7153,118,buy
2025-10-24 13:13:43.500000+00:00,51.6362,51.7135,51.6467,96,sell
2025-10-24 13:13:45+00:00,51.632,51.7149,51.6123,76,sell
2025-10-24 13:13:46.500000+00:00,51.6456,51.6974,51.7476,21,buy
2025-10-24 13:13:48+00:00,51.6395,51.7008,51.6732,38,buy
2025-10-24 13:13:49.500000+00:00,51.6328,51.7066,51.7335,105,buy
2025-10-24 13:13:51+00:00,51.6188,51.7173,51.6109,103,sell
2025-10-24 13:13:52.500000+00:00,51.6195,51.7152,51.7591,33,buy
2025-10-24 13:13:54+00:00,51.6149,51.7166,51.7113,120,buy
2025-10-24 13:13:55.500000+00:00,51.6245,51.7045,51.6187,73,sell
2025-10-24 13:13:57+00:00,51.6202,51.7063,51.5822,95,sell
2025-10-24 13:13:58.500000+00:00,51.6253,51.6995,51.7451,125,buy
2025-10-24 13:14:00+00:00,51.6343,51.7271,51.7663,153,buy
2025-10-24 13:14:01.666667+00:00,51.6432,51.7231,51.6799,292,buy
2025-10-24 13:14:03.333334+00:00,51.6401,51.7363,51.7456,151,buy
2025-10-24 13:14:05.000001+00:00,51.6509,51.733,51.7328,267,buy
2025-10-24 13:14:06.666668+00:00,51.6486,51.7423,51.7375,304,buy
2025-10-24 13:14:08.333335+00:00,51.6555,51.7397,51.6941,314,buy
2025-10-24 13:14:10.000002+00:00,51.6622,51.7436,51.7162,231,buy
2025-10-24 13:14:11.666669+00:00,51.6757,51.7388,51.7063,152,sell
2025-10-24 13:14:13.333336+00:00,51.671,51.7509,51.8003,74,buy
2025-10-24 13:14:15.000003+00:00,51.6765,51.7491,51.7686,126,buy
2025-10-24 13:14:16.666670+00:00,51.6785,51.7552,51.7797,74,buy
2025-10-24 13:14:18.333337+00:00,51.6794,51.7614,51.6652,232,sell
2025-10-24 13:14:20.000004+00:00,51.6865,51.7621,51.6524,246,sell
2025-10-24 13:14:21.666671+00:00,51.6945,51.7618,51.8031,214,buy
2025-10-24 13:14:23.333338+00:00,51.6953,51.765,51.7972,165,buy
2025-10-24 13:14:25.000005+00:00,51.7019,51.7687,51.7507,180,buy
2025-10-24 13:14:26.666672+00:00,51.6926,51.7852,51.7577,295,buy
2025-10-24 13:14:28.333339+00:00,51.6998,51.7809,51.6523,307,sell
2025-10-24 13:14:30.000006+00:00,51.712,51.7804,51.7961,143,buy
2025-10-24 13:14:31.666673+00:00,51.7111,51.7898,51.8034,256,buy
2025-10-24 13:14:33.333340+00:00,51.7225,51.7832,51.7079,150,sell
2025-10-24 13:14:35.000007+00:00,51.7151,51.7949,51.7641,130,buy
2025-10-24 13:14:36.666674+00:00,51.7278,51.7973,51.729,178,sell
2025-10-24 13:14:38.333341+00:00,51.7279,51.7994,51.7728,290,sell
2025-10-24 13:14:40.000008+00:00,51.7362,51.7982,51.7808,144,buy
2025-10-24 13:14:41.666675+00:00,51.7411,51.799,51.805,201,buy
2025-10-24 13:14:43.333342+00:00,51.7328,51.8163,51.862,152,buy
2025-10-24 13:14:45.000009+00:00,51.7441,51.8205,51.8675,101,buy
2025-10-24 13:14:46.666676+00:00,51.7382,51.8263,51.7761,198,buy
2025-10-24 13:14:48.333343+00:00,51.7485,51.8242,51.7954,260,sell
2025-10-24 13:14:50.000010+00:00,51.7433,51.8351,51.6997,186,sell
2025-10-24 13:14:51.666677+00:00,51.7538,51.8327,51.7102,167,sell
2025-10-24 13:14:53.333344+00:00,51.738,51.856,51.8816,163,buy
2025-10-24 13:14:55.000011+00:00,51.7672,51.8359,51.8181,268,sell
2025-10-24 13:14:56.666678+00:00,51.7766,51.8334,51.8703,216,buy
2025-10-24 13:14:58.333345+00:00,51.7722,51.8437,51.8186,304,buy
2025-10-24 13:15:00+00:00,51.7056,51.7937,51.7466,20,sell
2025-10-24 13:15:01.621622+00:00,51.7088,51.785,51.8028,92,buy
2025-10-24 13:15:03.243244+00:00,51.7165,51.7731,51.6705,57,sell
2025-10-24 13:15:04.864866+00:00,51.6989,51.7857,51.6814,104,sell
2025-10-24 13:15:06.486488+00:00,51.6916,51.7862,51.7799,113,buy
2025-10-24 13:15:08.108110+00:00,51.6965,51.7776,51.7119,40,sell
2025-10-24 13:15:09.729732+00:00,51.7044,51.7627,51.802,81,buy
2025-10-24 13:15:11.351354+00:00,51.6914,51.7709,51.7429,29,sell
2025-10-24 13:15:12.972976+00:00,51.6817,51.7763,51.8229,67,buy
2025-10-24 13:15:14.594598+00:00,51.6741,51.7775,51.6947,101,sell
2025-10-24 13:15:16.216220+00:00,51.6733,51.7727,51.7324,49,buy
2025-10-24 13:15:17.837842+00:00,51.699,51.7429,51.745,71,buy
2025-10-24 13:15:19.459464+00:00,51.6781,51.7584,51.731,117,buy
2025-10-24 13:15:21.081086+00:00,51.6835,51.7472,51.6621,44,sell
2025-10-24 13:15:22.702708+00:00,51.6882,51.7378,51.7044,6,sell
2025-10-24 13:15:24.324330+00:00,51.6699,51.7492,51.7848,40,buy
2025-10-24 13:15:25.945952+00:00,51.6593,51.755,51.6578,104,sell
2025-10-24 13:15:27.567574+00:00,51.6642,51.7452,51.6783,140,sell
2025-10-24 13:15:29.189196+00:00,51.6597,51.7432,51.6839,43,sell
2025-10-24 13:15:30.810818+00:00,51.6534,51.7456,51.778,18,buy
2025-10-24 13:15:32.432440+00:00,51.661,51.7331,51.7609,14,buy
2025-10-24 13:15:34.054062+00:00,51.6684,51.7204,51.6766,43,sell
2025-10-24 13:15:35.675684+00:00,51.6651,51.719,51.7072,84,sell
2025-10-24 13:15:37.297306+00:00,51.6514,51.7286,51.6033,101,sell
2025-10-24 13:15:38.918928+00:00,51.6495,51.7305,51.6812,67,sell
2025-10-24 13:15:40.540550+00:00,51.65,51.73,51.7155,85,buy
2025-10-24 13:15:42.162172+00:00,51.65,51.73,51.6615,88,sell
2025-10-24 13:15:43.783794+00:00,51.6575,51.7225,51.6955,144,sell
2025-10-24 13:15:45.405416+00:00,51.6616,51.7184,51.7018,74,buy
2025-10-24 13:15:47.027038+00:00,51.649,51.731,51.6155,62,sell
2025-10-24 13:15:48.648660+00:00,51.6527,51.7273,51.6459,119,sell
2025-10-24 13:15:50.270282+00:00,51.6563,51.7237,51.7061,89,buy
2025-10-24 13:15:51.891904+00:00,51.6466,51.7334,51.7665,33,buy
2025-10-24 13:15:53.513526+00:00,51.6539,51.7261,51.663,39,sell
2025-10-24 13:15:55.135148+00:00,51.6543,51.7257,51.7673,65,buy
2025-10-24 13:15:56.756770+00:00,51.6603,51.7197,51.6901,87,buy
2025-10-24 13:15:58.378392+00:00,51.6476,51.7323,51.6345,53,sell
2025-10-24 13:16:00+00:00,51.6539,51.7261,51.6765,90,buy
2025-10-24 13:16:01.875000+00:00,51.6527,51.7264,51.6101,28,sell
2025-10-24 13:16:03.750000+00:00,51.6556,51.7222,51.7684,119,buy
2025-10-24 13:16:05.625000+00:00,51.6454,51.7316,51.693,88,sell
2025-10-24 13:16:07.500000+00:00,51.6633,51.7126,51.723,91,buy
2025-10-24 13:16:09.375000+00:00,51.6519,51.723,51.644,86,sell
2025-10-24 13:16:11.250000+00:00,51.6522,51.7218,51.7266,14,buy
2025-10-24 13:16:13.125000+00:00,51.6546,51.7181,51.6708,85,sell
2025-10-24 13:16:15+00:00,51.6421,51.7297,51.5909,24,sell
2025-10-24 13:16:16.875000+00:00,51.645,51.7256,51.6956,154,sell
2025-10-24 13:16:18.750000+00:00,51.6413,51.7284,51.7718,48,buy
2025-10-24 13:16:20.625000+00:00,51.6382,51.7304,51.689,54,sell
2025-10-24 13:16:22.500000+00:00,51.6419,51.7258,51.6728,104,sell
2025-10-24 13:16:24.375000+00:00,51.6671,51.6996,51.6197,168,sell
2025-10-24 13:16:26.250000+00:00,51.6608,51.7048,51.6634,60,sell
2025-10-24 13:16:28.125000+00:00,51.6369,51.7275,51.6845,142,sell
2025-10-24 13:16:30+00:00,51.6478,51.7155,51.6982,80,sell
2025-10-24 13:16:31.875000+00:00,51.6421,51.7201,51.6835,89,sell
2025-10-24 13:16:33.750000+00:00,51.6342,51.7271,51.6288,151,sell
2025-10-24 13:16:35.625000+00:00,51.6414,51.719,51.6878,43,sell
2025-10-24 13:16:37.500000+00:00,51.6445,51.7155,51.7258,67,buy
2025-10-24 13:16:39.375000+00:00,51.6467,51.7133,51.6937,43,sell
2025-10-24 13:16:41.250000+00:00,51.6419,51.7181,51.7348,62,buy
2025-10-24 13:16:43.125000+00:00,51.6568,51.7032,51.6144,48,sell
2025-10-24 13:16:45+00:00,51.6448,51.7152,51.63,0,sell
2025-10-24 13:16:46.875000+00:00,51.6359,51.7241,51.703,122,buy
2025-10-24 13:16:48.750000+00:00,51.6364,51.7236,51.682,96,sell
2025-10-24 13:16:50.625000+00:00,51.6509,51.7091,51.6151,70,sell
2025-10-24 13:16:52.500000+00:00,51.6279,51.7321,51.6666,114,sell
2025-10-24 13:16:54.375000+00:00,51.6405,51.7195,51.5901,63,sell
2025-10-24 13:16:56.250000+00:00,51.642,51.718,51.6398,19,sell
2025-10-24 13:16:58.125000+00:00,51.6439,51.7161,51.7494,62,buy
2025-10-24 13:17:00+00:00,51.669,51.731,51.689,3,buy
2025-10-24 13:17:01.935484+00:00,51.6707,51.7293,51.7348,3,buy
2025-10-24 13:17:03.870968+00:00,51.6537,51.7463,51.6106,1,sell
2025-10-24 13:17:05.806452+00:00,51.6561,51.7439,51.6675,2,sell
2025-10-24 13:17:07.741936+00:00,51.6512,51.7488,51.7485,4,buy
2025-10-24 13:17:09.677420+00:00,51.6535,51.7465,51.6543,4,sell
2025-10-24 13:17:11.612904+00:00,51.6598,51.7402,51.6194,3,sell
2025-10-24 13:17:13.548388+00:00,51.6628,51.7372,51.6681,3,sell
2025-10-24 13:17:15.483872+00:00,51.6536,51.7464,51.6313,0,sell
2025-10-24 13:17:17.419356+00:00,51.665,51.735,51.7669,2,buy
2025-10-24 13:17:19.354840+00:00,51.6593,51.7407,51.627,4,sell
2025-10-24 13:17:21.290324+00:00,51.6484,51.7516,51.6318,2,sell
2025-10-24 13:17:23.225808+00:00,51.6669,51.7331,51.6826,3,sell
2025-10-24 13:17:25.161292+00:00,51.6614,51.7386,51.6686,2,sell
2025-10-24 13:17:27.096776+00:00,51.666,51.734,51.6516,3,sell
2025-10-24 13:17:29.032260+00:00,51.6655,51.7345,51.7472,6,buy
2025-10-24 13:17:30.967744+00:00,51.6674,51.7326,51.6855,4,buy
2025-10-24 13:17:32.903228+00:00,51.6618,51.7382,51.7883,3,buy
2025-10-24 13:17:34.838712+00:00,51.6659,51.7342,51.6992,3,buy
2025-10-24 13:17:36.774196+00:00,51.663,51.737,51.7041,2,buy
2025-10-24 13:17:38.709680+00:00,51.6632,51.7368,51.7464,2,buy
2025-10-24 13:17:40.645164+00:00,51.6634,51.7366,51.7096,4,buy
2025-10-24 13:17:42.580648+00:00,51.6621,51.7379,51.7687,2,buy
2025-10-24 13:17:44.516132+00:00,51.6561,51.7439,51.6552,2,sell
2025-10-24 13:17:46.451616+00:00,51.6606,51.7394,51.6169,3,sell
2025-10-24 13:17:48.387100+00:00,51.67,51.73,51.7286,3,buy
2025-10-24 13:17:50.322584+00:00,51.6529,51.7471,51.6877,3,sell
2025-10-24 13:17:52.258068+00:00,51.6582,51.7418,51.7316,1,buy
2025-10-24 13:17:54.193552+00:00,51.6622,51.7378,51.7749,3,buy
2025-10-24 13:17:56.129036+00:00,51.6559,51.7441,51.7179,2,buy
2025-10-24 13:17:58.064520+00:00,51.6609,51.7391,51.7214,4,buy
2025-10-24 13:20:00+00:00,51.6578,51.7422,51.6924,2,sell
2025-10-24 13:20:01.875000+00:00,51.6483,51.7517,51.71,4,buy
2025-10-24 13:20:03.750000+00:00,51.6745,51.7255,51.6695,1,sell
2025-10-24 13:20:05.625000+00:00,51.6618,51.7382,51.6462,3,sell
2025-10-24 13:20:07.500000+00:00,51.6548,51.7453,51.6344,1,sell
2025-10-24 13:20:09.375000+00:00,51.6682,51.7318,51.7026,4,sell
2025-10-24 13:20:11.250000+00:00,51.6543,51.7457,51.6137,4,sell
2025-10-24 13:20:13.125000+00:00,51.6777,51.7223,51.7089,3,sell
2025-10-24 13:20:15+00:00,51.6582,51.7418,51.6076,3,sell
2025-10-24 13:20:16.875000+00:00,51.646,51.754,51.7892,2,buy
2025-10-24 13:20:18.750000+00:00,51.6559,51.7441,51.7045,5,buy
2025-10-24 13:20:20.625000+00:00,51.6691,51.731,51.65,3,sell
2025-10-24 13:20:22.500000+00:00,51.6549,51.7451,51.698,3,sell
2025-10-24 13:20:24.375000+00:00,51.6425,51.7575,51.722,4,buy
2025-10-24 13:20:26.250000+00:00,51.6541,51.7459,51.7578,2,buy
2025-10-24 13:20:28.125000+00:00,51.6702,51.7298,51.6711,4,sell
2025-10-24 13:20:30+00:00,51.6611,51.7389,51.678,2,sell
2025-10-24 13:20:31.875000+00:00,51.6669,51.7331,51.7112,1,sell
2025-10-24 13:20:33.750000+00:00,51.6647,51.7353,51.694,2,sell
2025-10-24 13:20:35.625000+00:00,51.6779,51.7221,51.6378,3,sell
2025-10-24 13:20:37.500000+00:00,51.6679,51.7321,51.6163,0,sell
2025-10-24 13:20:39.375000+00:00,51.6612,51.7388,51.6203,4,sell
2025-10-24 13:20:41.250000+00:00,51.6698,51.7302,51.7791,3,buy
2025-10-24 13:20:43.125000+00:00,51.6637,51.7363,51.6852,2,sell
2025-10-24 13:20:45+00:00,51.6603,51.7397,51.7695,2,buy
2025-10-24 13:20:46.875000+00:00,51.6425,51.7575,51.6003,5,sell
2025-10-24 13:20:48.750000+00:00,51.6687,51.7313,51.7028,2,sell
2025-10-24 13:20:50.625000+00:00,51.6721,51.7279,51.6895,0,sell
2025-10-24 13:20:52.500000+00:00,51.6529,51.7471,51.6264,2,sell
2025-10-24 13:20:54.375000+00:00,51.6615,51.7385,51.7172,5,buy
2025-10-24 13:20:56.250000+00:00,51.6644,51.7356,51.7709,3,buy
2025-10-24 13:20:58.125000+00:00,51.655,51.745,51.655,0,sell
2025-10-24 13:21:00+00:00,51.6143,51.6857,51.5656,12,sell
2025-10-24 13:21:02+00:00,51.6089,51.6968,51.6437,8,sell
2025-10-24 13:21:04+00:00,51.6164,51.6938,51.6999,12,buy
2025-10-24 13:21:06+00:00,51.6193,51.6974,51.6054,6,sell
2025-10-24 13:21:08+00:00,51.6213,51.7016,51.7143,12,buy
2025-10-24 13:21:10+00:00,51.6265,51.7015,51.6005,11,sell
2025-10-24 13:21:12+00:00,51.6157,51.7167,51.7311,11,buy
2025-10-24 13:21:14+00:00,51.6379,51.7011,51.7076,8,buy
2025-10-24 13:21:16+00:00,51.6405,51.7037,51.6952,12,buy
2025-10-24 13:21:18+00:00,51.6185,51.7313,51.59,18,sell
2025-10-24 13:21:20+00:00,51.6415,51.7145,51.6491,4,sell
2025-10-24 13:21:22+00:00,51.6557,51.705,51.7212,14,buy
2025-10-24 13:21:24+00:00,51.6386,51.7272,51.6285,6,sell
2025-10-24 13:21:26+00:00,51.634,51.7378,51.6809,12,sell
2025-10-24 13:21:28+00:00,51.6335,51.7442,51.7638,10,buy
2025-10-24 13:21:30+00:00,51.6547,51.7288,51.7041,4,sell
2025-10-24 13:21:32+00:00,51.6688,51.7189,51.7028,11,sell
2025-10-24 13:21:34+00:00,51.6491,51.7454,51.6844,14,sell
2025-10-24 13:21:36+00:00,51.6582,51.7414,51.7053,15,sell
2025-10-24 13:21:38+00:00,51.654,51.746,51.768,9,buy
2025-10-24 13:21:40+00:00,51.6758,51.7242,51.6952,12,buy
2025-10-24 13:21:42+00:00,51.6621,51.7379,51.6356,4,sell
2025-10-24 13:21:44+00:00,51.6475,51.7525,51.6856,12,sell
2025-10-24 13:21:46+00:00,51.665,51.735,51.7409,7,buy
2025-10-24 13:21:48+00:00,51.6578,51.7422,51.695,7,sell
2025-10-24 13:21:50+00:00,51.6652,51.7348,51.6947,6,buy
2025-10-24 13:21:52+00:00,51.654,51.7461,51.6272,10,sell
2025-10-24 13:21:54+00:00,51.6519,51.7481,51.644,1,sell
2025-10-24 13:21:56+00:00,51.6556,51.7444,51.6709,10,sell
2025-10-24 13:21:58+00:00,51.6635,51.7365,51.7462,5,buy
2025-10-24 13:22:00+00:00,51.6625,51.7575,51.7934,4,buy
2025-10-24 13:22:02.142857+00:00,51.6635,51.7565,51.7048,1,sell
2025-10-24 13:22:04.285714+00:00,51.6855,51.7345,51.7565,3,buy
2025-10-24 13:22:06.428571+00:00,51.6559,51.7641,51.6214,2,sell
2025-10-24 13:22:08.571428+00:00,51.6735,51.7465,51.7041,3,sell
2025-10-24 13:22:10.714285+00:00,51.659,51.761,51.7425,0,buy
2025-10-24 13:22:12.857142+00:00,51.6536,51.7664,51.6137,2,sell
2025-10-24 13:22:14.999999+00:00,51.6495,51.7705,51.781,4,buy
2025-10-24 13:22:17.142856+00:00,51.6653,51.7547,51.6169,3,sell
2025-10-24 13:22:19.285713+00:00,51.6772,51.7428,51.6535,3,sell
2025-10-24 13:22:21.428570+00:00,51.6742,51.7458,51.7401,5,buy
2025-10-24 13:22:23.571427+00:00,51.6765,51.7435,51.6676,2,sell
2025-10-24 13:22:25.714284+00:00,51.6752,51.7448,51.7593,3,buy
2025-10-24 13:22:27.857141+00:00,51.6696,51.7504,51.7114,3,sell
2025-10-24 13:22:29.999998+00:00,51.676,51.744,51.7236,4,buy
2025-10-24 13:22:32.142855+00:00,51.6677,51.7523,51.7065,3,buy
2025-10-24 13:22:34.285712+00:00,51.6712,51.7488,51.6859,5,sell
2025-10-24 13:22:36.428569+00:00,51.6653,51.7547,51.7923,5,buy
2025-10-24 13:22:38.571426+00:00,51.6633,51.7567,51.6672,1,sell
2025-10-24 13:22:40.714283+00:00,51.6771,51.7429,51.7857,5,buy
2025-10-24 13:22:42.857140+00:00,51.6785,51.7415,51.6849,1,sell
2025-10-24 13:22:44.999997+00:00,51.6689,51.7511,51.6684,5,sell
2025-10-24 13:22:47.142854+00:00,51.6761,51.7439,51.7599,5,buy
2025-10-24 13:22:49.285711+00:00,51.6794,51.7406,51.6458,3,sell
2025-10-24 13:22:51.428568+00:00,51.6685,51.7515,51.6298,4,sell
2025-10-24 13:22:53.571425+00:00,51.6643,51.7557,51.6247,3,sell
2025-10-24 13:22:55.714282+00:00,51.6733,51.7467,51.6614,2,sell
2025-10-24 13:22:57.857139+00:00,51.6631,51.7569,51.6153,2,sell
2025-10-24 13:23:00+00:00,51.5943,51.7055,51.7506,97,buy
2025-10-24 13:23:01.875000+00:00,51.5983,51.691,51.5993,83,sell
2025-10-24 13:23:03.750000+00:00,51.5896,51.6881,51.5689,89,sell
2025-10-24 13:23:05.625000+00:00,51.5828,51.684,51.6012,92,sell
2025-10-24 13:23:07.500000+00:00,51.5968,51.657,51.5951,82,sell
2025-10-24 13:23:09.375000+00:00,51.5862,51.6564,51.5411,106,sell
2025-10-24 13:23:11.250000+00:00,51.5728,51.6575,51.6739,114,buy
2025-10-24 13:23:13.125000+00:00,51.578,51.6421,51.6528,92,buy
2025-10-24 13:23:15+00:00,51.5634,51.6452,51.6895,146,buy
2025-10-24 13:23:16.875000+00:00,51.5602,51.6373,51.5263,80,sell
2025-10-24 13:23:18.750000+00:00,51.545,51.6425,51.6859,128,buy
2025-10-24 13:23:20.625000+00:00,51.5429,51.6325,51.64,152,buy
2025-10-24 13:23:22.500000+00:00,51.5504,51.6132,51.6235,96,buy
2025-10-24 13:23:24.375000+00:00,51.52,51.6316,51.6036,100,buy
2025-10-24 13:23:26.250000+00:00,51.5338,51.6077,51.513,63,sell
2025-10-24 13:23:28.125000+00:00,51.5348,51.5947,51.5677,127,sell
2025-10-24 13:23:30+00:00,51.5349,51.5835,51.581,75,sell
2025-10-24 13:23:31.875000+00:00,51.5137,51.5926,51.64,110,buy
2025-10-24 13:23:33.750000+00:00,51.507,51.5889,51.5561,144,buy
2025-10-24 13:23:35.625000+00:00,51.5057,51.5791,51.5445,120,sell
2025-10-24 13:23:37.500000+00:00,51.4928,51.5872,51.6173,116,buy
2025-10-24 13:23:39.375000+00:00,51.5129,51.5671,51.5001,77,sell
2025-10-24 13:23:41.250000+00:00,51.5154,51.5646,51.5353,74,buy
2025-10-24 13:23:43.125000+00:00,51.491,51.589,51.5892,113,buy
2025-10-24 13:23:45+00:00,51.4982,51.5818,51.4918,78,sell
2025-10-24 13:23:46.875000+00:00,51.5168,51.5632,51.5198,107,buy
2025-10-24 13:23:48.750000+00:00,51.5071,51.5729,51.5381,92,sell
2025-10-24 13:23:50.625000+00:00,51.5017,51.5783,51.5617,137,buy
2025-10-24 13:23:52.500000+00:00,51.4915,51.5885,51.591,183,buy
2025-10-24 13:23:54.375000+00:00,51.5058,51.5742,51.5315,75,buy
2025-10-24 13:23:56.250000+00:00,51.4968,51.5832,51.625,106,buy
2025-10-24 13:23:58.125000+00:00,51.4924,51.5876,51.5838,131,buy
2025-10-24 13:25:00+00:00,51.5815,51.6585,51.5425,3,sell
2025-10-24 13:25:01.818182+00:00,51.5875,51.6525,51.5954,4,sell
2025-10-24 13:25:03.636364+00:00,51.5858,51.6542,51.5523,1,sell
2025-10-24 13:25:05.454546+00:00,51.5866,51.6534,51.6938,2,buy
2025-10-24 13:25:07.272728+00:00,51.5766,51.6634,51.7104,3,buy
2025-10-24 13:25:09.090910+00:00,51.5696,51.6704,51.5851,1,sell
2025-10-24 13:25:10.909092+00:00,51.5783,51.6617,51.5317,2,sell
2025-10-24 13:25:12.727274+00:00,51.5927,51.6473,51.5995,3,sell
2025-10-24 13:25:14.545456+00:00,51.5763,51.6637,51.5398,4,sell
2025-10-24 13:25:16.363638+00:00,51.5775,51.6625,51.6844,3,buy
2025-10-24 13:25:18.181820+00:00,51.5835,51.6565,51.6251,2,sell
2025-10-24 13:25:20.000002+00:00,51.5809,51.6591,51.675,3,buy
2025-10-24 13:25:21.818184+00:00,51.5724,51.6676,51.6476,4,buy
2025-10-24 13:25:23.636366+00:00,51.5708,51.6692,51.7073,3,buy
2025-10-24 13:25:25.454548+00:00,51.5765,51.6635,51.6641,4,buy
2025-10-24 13:25:27.272730+00:00,51.5829,51.6571,51.5666,1,sell
2025-10-24 13:25:29.090912+00:00,51.5826,51.6574,51.5911,4,sell
2025-10-24 13:25:30.909094+00:00,51.5844,51.6556,51.6453,3,buy
2025-10-24 13:25:32.727276+00:00,51.5808,51.6592,51.6174,3,sell
2025-10-24 13:25:34.545458+00:00,51.5829,51.6571,51.6224,1,sell
2025-10-24 13:25:36.363640+00:00,51.572,51.668,51.6478,3,buy
2025-10-24 13:25:38.181822+00:00,51.5808,51.6592,51.5623,1,sell
2025-10-24 13:25:40.000004+00:00,51.579,51.661,51.5437,3,sell
2025-10-24 13:25:41.818186+00:00,51.5931,51.6469,51.5533,4,sell
2025-10-24 13:25:43.636368+00:00,51.5901,51.6499,51.5468,4,sell
2025-10-24 13:25:45.454550+00:00,51.5824,51.6576,51.5427,4,sell
2025-10-24 13:25:47.272732+00:00,51.5751,51.6649,51.6596,3,buy
2025-10-24 13:25:49.090914+00:00,51.5726,51.6674,51.6776,0,buy
2025-10-24 13:25:50.909096+00:00,51.5784,51.6616,51.6199,2,sell
2025-10-24 13:25:52.727278+00:00,51.581,51.659,51.5704,2,sell
2025-10-24 13:25:54.545460+00:00,51.5909,51.6491,51.633,2,sell
2025-10-24 13:25:56.363642+00:00,51.5809,51.6591,51.5902,1,sell
2025-10-24 13:25:58.181824+00:00,51.5891,51.6509,51.6599,1,buy
2025-10-24 13:26:00+00:00,51.6272,51.6928,51.613,33,sell
2025-10-24 13:26:02+00:00,51.6161,51.7039,51.7055,28,buy
2025-10-24 13:26:04+00:00,51.6337,51.6863,51.6479,22,sell
2025-10-24 13:26:06+00:00,51.6208,51.6992,51.7444,25,buy
2025-10-24 13:26:08+00:00,51.6364,51.6836,51.5914,43,sell
2025-10-24 13:26:10+00:00,51.6234,51.6966,51.7094,18,buy
2025-10-24 13:26:12+00:00,51.62,51.7,51.676,31,buy
2025-10-24 13:26:14+00:00,51.615,51.705,51.7248,33,buy
2025-10-24 13:26:16+00:00,51.6157,51.7043,51.7468,40,buy
2025-10-24 13:26:18+00:00,51.622,51.698,51.6114,25,sell
2025-10-24 13:26:20+00:00,51.6179,51.7021,51.6731,36,buy
2025-10-24 13:26:22+00:00,51.6201,51.6999,51.7182,10,buy
2025-10-24 13:26:24+00:00,51.6178,51.7022,51.589,25,sell
2025-10-24 13:26:26+00:00,51.6283,51.6917,51.5935,36,sell
2025-10-24 13:26:28+00:00,51.6238,51.6962,51.7171,28,buy
2025-10-24 13:26:30+00:00,51.6059,51.7141,51.7015,18,buy
2025-10-24 13:26:32+00:00,51.6271,51.6929,51.7251,22,buy
2025-10-24 13:26:34+00:00,51.6108,51.7092,51.729,0,buy
2025-10-24 13:26:36+00:00,51.6216,51.6984,51.6571,9,buy
2025-10-24 13:26:38+00:00,51.6153,51.7047,51.737,33,buy
2025-10-24 13:26:40+00:00,51.612,51.708,51.6575,24,buy
2025-10-24 13:26:42+00:00,51.6336,51.6864,51.6554,16,buy
2025-10-24 13:26:44+00:00,51.6289,51.6911,51.6045,34,sell
2025-10-24 13:26:46+00:00,51.6196,51.7004,51.6045,14,sell
2025-10-24 13:26:48+00:00,51.6214,51.6986,51.6965,25,buy
2025-10-24 13:26:50+00:00,51.6233,51.6967,51.5756,36,sell
2025-10-24 13:26:52+00:00,51.6194,51.7006,51.6666,29,buy
2025-10-24 13:26:54+00:00,51.6223,51.6977,51.6947,42,buy
2025-10-24 13:26:56+00:00,51.6184,51.7016,51.6981,15,buy
2025-10-24 13:26:58+00:00,51.6233,51.6967,51.6225,34,sell
2025-10-24 13:27:00+00:00,51.6564,51.7036,51.6976,42,buy
2025-10-24 13:27:02.142857+00:00,51.6533,51.7133,51.6619,33,sell
2025-10-24 13:27:04.285714+00:00,51.6478,51.7232,51.715,33,buy
2025-10-24 13:27:06.428571+00:00,51.6508,51.7294,51.7151,48,buy
2025-10-24 13:27:08.571428+00:00,51.6534,51.7296,51.6656,19,sell
2025-10-24 13:27:10.714285+00:00,51.6548,51.7333,51.6496,70,sell
2025-10-24 13:27:12.857142+00:00,51.6584,51.7354,51.6115,52,sell
2025-10-24 13:27:14.999999+00:00,51.6646,51.7378,51.6704,48,sell
2025-10-24 13:27:17.142856+00:00,51.6663,51.7416,51.7642,18,buy
2025-10-24 13:27:19.285713+00:00,51.6643,51.75,51.7428,48,buy
2025-10-24 13:27:21.428570+00:00,51.6691,51.7497,51.8002,25,buy
2025-10-24 13:27:23.571427+00:00,51.6753,51.749,51.6539,65,sell
2025-10-24 13:27:25.714284+00:00,51.6888,51.7418,51.7723,83,buy
2025-10-24 13:27:27.857141+00:00,51.6834,51.7521,51.6762,56,sell
2025-10-24 13:27:29.999998+00:00,51.677,51.7661,51.7083,58,sell
2025-10-24 13:27:32.142855+00:00,51.6847,51.764,51.7133,49,buy
2025-10-24 13:27:34.285712+00:00,51.6783,51.7752,51.6714,51,sell
2025-10-24 13:27:36.428569+00:00,51.6983,51.7616,51.6912,31,sell
2025-10-24 13:27:38.571426+00:00,51.6913,51.774,51.8102,39,buy
2025-10-24 13:27:40.714283+00:00,51.7049,51.7677,51.81,41,buy
2025-10-24 13:27:42.857140+00:00,51.6922,51.7857,51.7845,41,buy
2025-10-24 13:27:44.999997+00:00,51.6905,51.7939,51.7597,55,buy
2025-10-24 13:27:47.142854+00:00,51.6996,51.7923,51.7663,31,buy
2025-10-24 13:27:49.285711+00:00,51.726,51.7695,51.733,24,sell
2025-10-24 13:27:51.428568+00:00,51.7144,51.7869,51.7189,39,sell
2025-10-24 13:27:53.571425+00:00,51.7151,51.7939,51.6714,64,sell
2025-10-24 13:27:55.714282+00:00,51.7148,51.7982,51.6653,69,sell
2025-10-24 13:27:57.857139+00:00,51.7191,51.802,51.8345,53,buy
2025-10-24 13:28:00+00:00,51.7374,51.8026,51.7464,0,sell
2025-10-24 13:28:02.068966+00:00,51.7343,51.8057,51.8231,0,buy
2025-10-24 13:28:04.137932+00:00,51.7263,51.8137,51.7641,0,sell
2025-10-24 13:28:06.206898+00:00,51.7238,51.8162,51.8231,0,buy
2025-10-24 13:28:08.275864+00:00,51.7192,51.8208,51.8631,0,buy
2025-10-24 13:28:10.344830+00:00,51.7361,51.8039,51.7689,0,buy
2025-10-24 13:28:12.413796+00:00,51.7262,51.8138,51.6878,0,sell
2025-10-24 13:28:14.482762+00:00,51.738,51.802,51.748,0,sell
2025-10-24 13:28:16.551728+00:00,51.7442,51.7958,51.6975,0,sell
2025-10-24 13:28:18.620694+00:00,51.7237,51.8163,51.8436,0,buy
2025-10-24 13:28:20.689660+00:00,51.7429,51.7971,51.7734,0,buy
2025-10-24 13:28:22.758626+00:00,51.7413,51.7987,51.7227,0,sell
2025-10-24 13:28:24.827592+00:00,51.7281,51.8119,51.7766,0,sell
2025-10-24 13:28:26.896558+00:00,51.7369,51.8031,51.7539,0,buy
2025-10-24 13:28:28.965524+00:00,51.7283,51.8117,51.7343,0,sell
2025-10-24 13:28:31.034490+00:00,51.7288,51.8112,51.7695,0,sell
2025-10-24 13:28:33.103456+00:00,51.7184,51.8216,51.713,0,sell
2025-10-24 13:28:35.172422+00:00,51.7321,51.8079,51.826,0,buy
2025-10-24 13:28:37.241388+00:00,51.7257,51.8143,51.8221,0,buy
2025-10-24 13:28:39.310354+00:00,51.7183,51.8217,51.821,0,buy
2025-10-24 13:28:41.379320+00:00,51.731,51.809,51.7602,0,sell
2025-10-24 13:28:43.448286+00:00,51.7308,51.8092,51.7825,0,buy
2025-10-24 13:28:45.517252+00:00,51.7264,51.8136,51.6825,0,sell
2025-10-24 13:28:47.586218+00:00,51.721,51.819,51.7306,0,sell
2025-10-24 13:28:49.655184+00:00,51.7418,51.7982,51.7887,0,buy
2025-10-24 13:28:51.724150+00:00,51.7361,51.8039,51.8197,0,buy
2025-10-24 13:28:53.793116+00:00,51.7438,51.7962,51.7269,0,sell
2025-10-24 13:28:55.862082+00:00,51.7208,51.8192,51.7271,0,sell
2025-10-24 13:28:57.931048+00:00,51.7351,51.8049,51.7099,0,sell
2025-10-24 13:29:00+00:00,51.7597,51.8403,51.7745,2,sell
2025-10-24 13:29:02.500000+00:00,51.7605,51.8395,51.8302,12,buy
2025-10-24 13:29:05+00:00,51.7658,51.8342,51.8791,6,buy
2025-10-24 13:29:07.500000+00:00,51.7535,51.8465,51.7584,7,sell
2025-10-24 13:29:10+00:00,51.7463,51.8537,51.7102,5,sell
2025-10-24 13:29:12.500000+00:00,51.7757,51.8243,51.8475,7,buy
2025-10-24 13:29:15+00:00,51.766,51.834,51.7717,6,sell
2025-10-24 13:29:17.500000+00:00,51.7599,51.8401,51.8821,5,buy
2025-10-24 13:29:20+00:00,51.759,51.841,51.8384,13,buy
2025-10-24 13:29:22.500000+00:00,51.7608,51.8392,51.8709,2,buy
2025-10-24 13:29:25+00:00,51.7645,51.8355,51.8528,11,buy
2025-10-24 13:29:27.500000+00:00,51.7689,51.8311,51.8444,7,buy
2025-10-24 13:29:30+00:00,51.7745,51.8255,51.8351,12,buy
2025-10-24 13:29:32.500000+00:00,51.7623,51.8377,51.7487,6,sell
2025-10-24 13:29:35+00:00,51.7673,51.8327,51.7233,6,sell
2025-10-24 13:29:37.500000+00:00,51.7575,51.8425,51.8851,12,buy
2025-10-24 13:29:40+00:00,51.7513,51.8487,51.7134,6,sell
2025-10-24 13:29:42.500000+00:00,51.7768,51.8232,51.7289,10,sell
2025-10-24 13:29:45+00:00,51.7594,51.8406,51.756,13,sell
2025-10-24 13:29:47.500000+00:00,51.7466,51.8534,51.8821,9,buy
2025-10-24 13:29:50+00:00,51.7642,51.8358,51.7192,12,sell
2025-10-24 13:29:52.500000+00:00,51.7556,51.8444,51.844,7,buy
2025-10-24 13:29:55+00:00,51.7635,51.8365,51.8006,7,buy
2025-10-24 13:29:57.500000+00:00,51.7562,51.8438,51.7178,6,sell
2025-10-24 13:30:00+00:00,51.7475,51.8325,51.7965,9,buy
2025-10-24 13:30:02.400000+00:00,51.756,51.831,51.8713,15,buy
2025-10-24 13:30:04.800000+00:00,51.7614,51.8319,51.86,89,buy
2025-10-24 13:30:07.200000+00:00,51.7638,51.8364,51.8402,71,buy
2025-10-24 13:30:09.600000+00:00,51.7688,51.8378,51.8006,54,sell
2025-10-24 13:30:12+00:00,51.7688,51.8458,51.8844,92,buy
2025-10-24 13:30:14.400000+00:00,51.7647,51.8554,51.8525,67,buy
2025-10-24 13:30:16.800000+00:00,51.7789,51.8473,51.8857,36,buy
2025-10-24 13:30:19.200000+00:00,51.7685,51.865,51.9014,43,buy
2025-10-24 13:30:21.600000+00:00,51.7811,51.8587,51.8078,84,buy
2025-10-24 13:30:24+00:00,51.7896,51.8574,51.8107,83,sell
2025-10-24 13:30:26.400000+00:00,51.7821,51.871,51.8059,76,sell
2025-10-24 13:30:28.800000+00:00,51.7802,51.8798,51.7652,46,sell
2025-10-24 13:30:31.200000+00:00,51.8,51.8666,51.8264,79,sell
2025-10-24 13:30:33.600000+00:00,51.7923,51.8808,51.8526,64,buy
2025-10-24 13:30:36+00:00,51.7979,51.8819,51.7884,29,sell
2025-10-24 13:30:38.400000+00:00,51.8023,51.8777,51.9179,20,buy
2025-10-24 13:30:40.800000+00:00,51.8115,51.8685,51.8565,45,buy
2025-10-24 13:30:43.200000+00:00,51.7876,51.8924,51.8649,81,buy
2025-10-24 13:30:45.600000+00:00,51.8069,51.8731,51.9069,115,buy
2025-10-24 13:30:48+00:00,51.814,51.866,51.8266,42,sell
2025-10-24 13:30:50.400000+00:00,51.8085,51.8715,51.8365,49,sell
2025-10-24 13:30:52.800000+00:00,51.7901,51.8899,51.923,90,buy
2025-10-24 13:30:55.200000+00:00,51.7875,51.8925,51.8562,52,buy
2025-10-24 13:30:57.600000+00:00,51.7929,51.8871,51.7698,54,sell
2025-10-24 13:31:00+00:00,51.8338,51.9061,51.8428,20,sell
2025-10-24 13:31:02.500000+00:00,51.8397,51.9004,51.8489,10,sell
2025-10-24 13:31:05+00:00,51.826,51.9139,51.8493,24,sell
2025-10-24 13:31:07.500000+00:00,51.8387,51.9012,51.943,10,buy
2025-10-24 13:31:10+00:00,51.8303,51.9097,51.8834,22,buy
2025-10-24 13:31:12.500000+00:00,51.8416,51.8983,51.8912,18,buy
2025-10-24 13:31:15+00:00,51.8334,51.9065,51.8989,32,buy
2025-10-24 13:31:17.500000+00:00,51.8405,51.8994,51.8853,33,sell
2025-10-24 13:31:20+00:00,51.8315,51.9085,51.902,20,buy
2025-10-24 13:31:22.500000+00:00,51.8405,51.8995,51.8551,10,sell
2025-10-24 13:31:25+00:00,51.8133,51.9265,51.9749,24,buy
2025-10-24 13:31:27.500000+00:00,51.8301,51.91,51.8622,24,sell
2025-10-24 13:31:30+00:00,51.8211,51.9184,51.9644,16,buy
2025-10-24 13:31:32.500000+00:00,51.8205,51.9194,51.8661,16,sell
2025-10-24 13:31:35+00:00,51.8294,51.9107,51.8822,19,buy
2025-10-24 13:31:37.500000+00:00,51.8327,51.9073,51.949,13,buy
2025-10-24 13:31:40+00:00,51.8324,51.9077,51.927,22,buy
2025-10-24 13:31:42.500000+00:00,51.8288,51.9115,51.9438,16,buy
2025-10-24 13:31:45+00:00,51.833,51.9066,51.8102,18,sell
2025-10-24 13:31:47.500000+00:00,51.834,51.9061,51.897,38,buy
2025-10-24 13:31:50+00:00,51.81,51.9301,51.822,30,sell
2025-10-24 13:31:52.500000+00:00,51.834,51.9059,51.947,14,buy
2025-10-24 13:31:55+00:00,51.8306,51.9094,51.8391,20,sell
2025-10-24 13:31:57.500000+00:00,51.8283,51.9116,51.8014,18,sell
2025-10-24 13:32:00+00:00,51.8385,51.9216,51.8969,21,buy
2025-10-24 13:32:02.068966+00:00,51.8407,51.9216,51.8187,30,sell
2025-10-24 13:32:04.137932+00:00,51.8435,51.9226,51.9092,23,buy
2025-10-24 13:32:06.206898+00:00,51.8459,51.9207,51.8346,33,sell
2025-10-24 13:32:08.275864+00:00,51.8568,51.9119,51.94,13,buy
2025-10-24 13:32:10.344830+00:00,51.849,51.9226,51.8533,18,sell
2025-10-24 13:32:12.413796+00:00,51.8345,51.9395,51.9865,24,buy
2025-10-24 13:32:14.482762+00:00,51.8549,51.9211,51.9424,40,buy
2025-10-24 13:32:16.551728+00:00,51.8572,51.9208,51.9686,31,buy
2025-10-24 13:32:18.620694+00:00,51.8648,51.9155,51.9369,17,buy
2025-10-24 13:32:20.689660+00:00,51.8473,51.9348,51.823,32,sell
2025-10-24 13:32:22.758626+00:00,51.8623,51.9221,51.8715,14,buy
2025-10-24 13:32:24.827592+00:00,51.8531,51.9339,51.9613,31,buy
2025-10-24 13:32:26.896558+00:00,51.8537,51.9363,51.8877,34,sell
2025-10-24 13:32:28.965524+00:00,51.8484,51.9433,51.8725,23,sell
2025-10-24 13:32:31.034490+00:00,51.8587,51.9361,51.9471,16,buy
2025-10-24 13:32:33.103456+00:00,51.8706,51.9259,51.9044,26,buy
2025-10-24 13:32:35.172422+00:00,51.8711,51.928,51.9199,14,sell
2025-10-24 13:32:37.241388+00:00,51.8606,51.9394,51.8508,8,sell
2025-10-24 13:32:39.310354+00:00,51.8768,51.9232,51.9482,26,buy
2025-10-24 13:32:41.379320+00:00,51.8591,51.9409,51.8791,26,sell
2025-10-24 13:32:43.448286+00:00,51.8623,51.9377,51.9069,34,sell
2025-10-24 13:32:45.517252+00:00,51.8608,51.9392,51.8957,13,sell
2025-10-24 13:32:47.586218+00:00,51.8675,51.9326,51.8338,27,sell
2025-10-24 13:32:49.655184+00:00,51.8543,51.9457,51.9144,30,buy
2025-10-24 13:32:51.724150+00:00,51.8785,51.9216,51.8387,20,sell
2025-10-24 13:32:53.793116+00:00,51.8657,51.9343,51.8353,33,sell
2025-10-24 13:32:55.862082+00:00,51.8634,51.9366,51.8328,12,sell
2025-10-24 13:32:57.931048+00:00,51.8553,51.9447,51.9016,17,buy
2025-10-24 13:33:00+00:00,51.827,51.893,51.7934,62,sell
2025-10-24 13:33:02+00:00,51.833,51.8897,51.9239,32,buy
2025-10-24 13:33:04+00:00,51.8265,51.9003,51.882,15,buy
2025-10-24 13:33:06+00:00,51.826,51.9034,51.7879,61,sell
2025-10-24 13:33:08+00:00,51.8269,51.9068,51.9229,41,buy
2025-10-24 13:33:10+00:00,51.8297,51.9063,51.8886,56,buy
2025-10-24 13:33:12+00:00,51.8393,51.9005,51.9124,37,buy
2025-10-24 13:33:14+00:00,51.8185,51.9246,51.8669,31,sell
2025-10-24 13:33:16+00:00,51.8293,51.917,51.8618,46,sell
2025-10-24 13:33:18+00:00,51.8202,51.9298,51.7822,34,sell
2025-10-24 13:33:20+00:00,51.8452,51.9079,51.8758,30,buy
2025-10-24 13:33:22+00:00,51.845,51.9111,51.8799,74,sell
2025-10-24 13:33:24+00:00,51.8471,51.9124,51.8663,50,buy
2025-10-24 13:33:26+00:00,51.8485,51.9152,51.8543,42,sell
2025-10-24 13:33:28+00:00,51.8467,51.9196,51.9182,71,buy
2025-10-24 13:33:30+00:00,51.8369,51.9323,51.9698,22,buy
2025-10-24 13:33:32+00:00,51.8472,51.9253,51.8205,34,sell
2025-10-24 13:33:34+00:00,51.8434,51.9336,51.9138,64,buy
2025-10-24 13:33:36+00:00,51.8596,51.9204,51.8639,47,sell
2025-10-24 13:33:38+00:00,51.8473,51.9327,51.9019,50,buy
2025-10-24 13:33:40+00:00,51.8368,51.9432,51.9024,73,buy
2025-10-24 13:33:42+00:00,51.8444,51.9356,51.8656,23,sell
2025-10-24 13:33:44+00:00,51.8623,51.9177,51.9316,53,buy
2025-10-24 13:33:46+00:00,51.8585,51.9215,51.8464,48,sell
2025-10-24 13:33:48+00:00,51.8556,51.9244,51.823,68,sell
2025-10-24 13:33:50+00:00,51.8471,51.9329,51.8464,60,sell
2025-10-24 13:33:52+00:00,51.8563,51.9237,51.9589,19,buy
2025-10-24 13:33:54+00:00,51.8596,51.9204,51.9263,25,buy
2025-10-24 13:33:56+00:00,51.8487,51.9313,51.896,66,buy
2025-10-24 13:33:58+00:00,51.8441,51.9359,51.9143,51,buy
2025-10-24 13:34:00+00:00,51.8524,51.9279,51.918,1093,buy
2025-10-24 13:34:02.727273+00:00,51.8311,51.9575,51.8358,801,sell
2025-10-24 13:34:05.454546+00:00,51.8592,51.9337,51.9106,613,buy
2025-10-24 13:34:08.181819+00:00,51.8646,51.9377,51.9118,695,buy
2025-10-24 13:34:10.909092+00:00,51.8727,51.9372,51.9139,509,buy
2025-10-24 13:34:13.636365+00:00,51.882,51.9358,51.9392,358,buy
2025-10-24 13:34:16.363638+00:00,51.8708,51.9554,51.9788,1157,buy
2025-10-24 13:34:19.090911+00:00,51.8837,51.9493,51.948,959,buy
2025-10-24 13:34:21.818184+00:00,51.8901,51.9503,51.9822,337,buy
2025-10-24 13:34:24.545457+00:00,51.8933,51.9547,51.9339,1031,sell
2025-10-24 13:34:27.272730+00:00,51.884,51.9725,51.9228,962,buy
2025-10-24 13:34:30.000003+00:00,51.9035,51.9622,52.0108,1085,buy
2025-10-24 13:34:32.727276+00:00,51.9128,51.9591,51.9952,352,buy
2025-10-24 13:34:35.454549+00:00,51.9134,51.9664,52.0103,684,buy
2025-10-24 13:34:38.181822+00:00,51.9139,51.9741,51.9905,514,buy
2025-10-24 13:34:40.909095+00:00,51.9163,51.9795,51.9637,573,buy
2025-10-24 13:34:43.636368+00:00,51.9186,51.9839,51.9911,896,buy
2025-10-24 13:34:46.363641+00:00,51.9142,51.9942,51.9842,889,buy
2025-10-24 13:34:49.090914+00:00,51.9083,52.0068,51.8706,1082,sell
2025-10-24 13:34:51.818187+00:00,51.9331,51.9933,51.9939,1188,buy
2025-10-24 13:34:54.545460+00:00,51.9274,52.0054,52.0172,754,buy
2025-10-24 13:34:57.272733+00:00,51.9152,52.0254,51.9771,1258,buy
2025-10-24 13:35:00+00:00,51.8987,51.9819,51.8751,162,sell
2025-10-24 13:35:02.500000+00:00,51.9108,51.9718,51.9455,166,sell
2025-10-24 13:35:05+00:00,51.9051,51.9808,52.0188,37,buy
2025-10-24 13:35:07.500000+00:00,51.8909,51.9978,51.9797,64,buy
2025-10-24 13:35:10+00:00,51.9153,51.9757,52.0186,82,buy
2025-10-24 13:35:12.500000+00:00,51.8973,51.9975,51.8651,181,sell
2025-10-24 13:35:15+00:00,51.9098,51.9865,51.9963,140,buy
2025-10-24 13:35:17.500000+00:00,51.9168,51.9823,52.0139,110,buy
2025-10-24 13:35:20+00:00,51.9117,51.9906,52.0261,75,buy
2025-10-24 13:35:22.500000+00:00,51.9126,51.9923,51.897,156,sell
2025-10-24 13:35:25+00:00,51.9141,51.9931,51.9545,63,buy
2025-10-24 13:35:27.500000+00:00,51.9212,51.9871,51.9721,171,buy
2025-10-24 13:35:30+00:00,51.9196,51.9941,51.9899,159,buy
2025-10-24 13:35:32.500000+00:00,51.9132,52.0023,52.0207,122,buy
2025-10-24 13:35:35+00:00,51.9327,51.9847,51.9299,197,sell
2025-10-24 13:35:37.500000+00:00,51.9191,52.0023,51.9762,45,buy
2025-10-24 13:35:40+00:00,51.9331,51.9929,51.9889,105,buy
2025-10-24 13:35:42.500000+00:00,51.9276,51.9997,51.9644,136,sell
2025-10-24 13:35:45+00:00,51.922,52.0089,51.9053,85,sell
2025-10-24 13:35:47.500000+00:00,51.9075,52.0253,51.9909,197,buy
2025-10-24 13:35:50+00:00,51.9375,51.9992,52.0139,216,buy
2025-10-24 13:35:52.500000+00:00,51.9299,52.009,52.0298,117,buy
2025-10-24 13:35:55+00:00,51.9371,52.0034,51.9159,231,sell
2025-10-24 13:35:57.500000+00:00,51.9266,52.0176,51.971,71,sell
2025-10-24 13:36:00+00:00,51.9455,52.0149,51.9767,26,sell
2025-10-24 13:36:02.727273+00:00,51.9382,52.0159,51.9348,50,sell
2025-10-24 13:36:05.454546+00:00,51.944,52.0037,52.05,32,buy
2025-10-24 13:36:08.181819+00:00,51.9235,52.0175,51.9457,30,sell
2025-10-24 13:36:10.909092+00:00,51.9339,52.0016,51.9644,65,buy
2025-10-24 13:36:13.636365+00:00,51.9208,52.0084,51.9523,40,sell
2025-10-24 13:36:16.363638+00:00,51.9314,51.9924,51.9378,43,sell
2025-10-24 13:36:19.090911+00:00,51.9196,51.998,51.9481,32,sell
2025-10-24 13:36:21.818184+00:00,51.9114,51.9997,52.0013,60,buy
2025-10-24 13:36:24.545457+00:00,51.9164,51.9889,51.9654,27,buy
2025-10-24 13:36:27.272730+00:00,51.9125,51.9866,52.0248,41,buy
2025-10-24 13:36:30.000003+00:00,51.9111,51.9815,51.9045,46,sell
2025-10-24 13:36:32.727276+00:00,51.8936,51.9924,51.9011,31,sell
2025-10-24 13:36:35.454549+00:00,51.9041,51.976,51.9508,51,buy
2025-10-24 13:36:38.181822+00:00,51.9049,51.9751,51.922,57,sell
2025-10-24 13:36:40.909095+00:00,51.8971,51.9829,51.983,54,buy
2025-10-24 13:36:43.636368+00:00,51.8946,51.9854,51.887,47,sell
2025-10-24 13:36:46.363641+00:00,51.9028,51.9772,51.9188,75,sell
2025-10-24 13:36:49.090914+00:00,51.922,51.958,51.9867,65,buy
2025-10-24 13:36:51.818187+00:00,51.9171,51.9629,51.9277,39,sell
2025-10-24 13:36:54.545460+00:00,51.9058,51.9742,51.9961,35,buy
2025-10-24 13:36:57.272733+00:00,51.9003,51.9797,51.865,41,sell
2025-10-24 13:37:00+00:00,51.9481,52.0328,51.9987,784,buy
2025-10-24 13:37:02.142857+00:00,51.9346,52.0467,51.944,60,sell
2025-10-24 13:37:04.285714+00:00,51.9517,52.0317,52.0429,1621,buy
2025-10-24 13:37:06.428571+00:00,51.954,52.0348,51.9737,1091,sell
2025-10-24 13:37:08.571428+00:00,51.953,52.0362,52.0786,1061,buy
2025-10-24 13:37:10.714285+00:00,51.9539,52.039,51.9028,1181,sell
2025-10-24 13:37:12.857142+00:00,51.9567,52.0359,51.9204,1258,sell
2025-10-24 13:37:14.999999+00:00,51.951,52.0489,51.9356,1119,sell
2025-10-24 13:37:17.142856+00:00,51.9525,52.048,52.0095,1113,buy
2025-10-24 13:37:19.285713+00:00,51.962,52.04,51.9936,1196,sell
2025-10-24 13:37:21.428570+00:00,51.9775,52.0253,51.9335,963,sell
2025-10-24 13:37:23.571427+00:00,51.9619,52.0451,52.0843,871,buy
2025-10-24 13:37:25.714284+00:00,51.96,52.0451,52.0779,782,buy
2025-10-24 13:37:27.857141+00:00,51.9608,52.0501,52.0047,550,sell
2025-10-24 13:37:29.999998+00:00,51.9634,52.0501,52.0563,1485,buy
2025-10-24 13:37:32.142855+00:00,51.9771,52.0382,52.0605,1212,buy
2025-10-24 13:37:34.285712+00:00,51.9666,52.0505,52.0525,624,buy
2025-10-24 13:37:36.428569+00:00,51.9541,52.0652,52.0831,781,buy
2025-10-24 13:37:38.571426+00:00,51.9762,52.0459,52.0379,1007,buy
2025-10-24 13:37:40.714283+00:00,51.9657,52.0587,52.0668,912,buy
2025-10-24 13:37:42.857140+00:00,51.9834,52.0436,52.082,822,buy
2025-10-24 13:37:44.999997+00:00,51.975,52.056,52.0084,991,buy
2025-10-24 13:37:47.142854+00:00,51.9834,52.0505,52.0841,773,buy
2025-10-24 13:37:49.285711+00:00,51.9852,52.0499,51.981,1640,sell
2025-10-24 13:37:51.428568+00:00,51.9837,52.0534,51.9407,895,sell
2025-10-24 13:37:53.571425+00:00,51.9888,52.0508,52.0916,1500,buy
2025-10-24 13:37:55.714282+00:00,51.9927,52.0473,52.0749,769,buy
2025-10-24 13:37:57.857139+00:00,51.9877,52.0523,52.062,725,buy
2025-10-24 13:38:00+00:00,51.9592,52.0608,52.091,276,buy
2025-10-24 13:38:02.857143+00:00,51.9652,52.047,52.0984,549,buy
2025-10-24 13:38:05.714286+00:00,51.9641,52.0401,52.0761,564,buy
2025-10-24 13:38:08.571429+00:00,51.9671,52.0288,52.067,123,buy
2025-10-24 13:38:11.428572+00:00,51.9501,52.0383,52.0563,176,buy
2025-10-24 13:38:14.285715+00:00,51.9527,52.0274,52.0064,253,buy
2025-10-24 13:38:17.142858+00:00,51.9393,52.0327,51.9699,481,sell
2025-10-24 13:38:20.000001+00:00,51.9454,52.0183,51.9738,606,buy
2025-10-24 13:38:22.857144+00:00,51.9266,52.0295,52.0255,281,buy
2025-10-24 13:38:25.714287+00:00,51.9287,52.0185,51.9304,413,sell
2025-10-24 13:38:28.571430+00:00,51.927,52.0128,51.9378,492,sell
2025-10-24 13:38:31.428573+00:00,51.9115,52.0201,51.958,335,sell
2025-10-24 13:38:34.285716+00:00,51.9256,51.9989,51.9733,208,buy
2025-10-24 13:38:37.142859+00:00,51.9308,51.9892,51.9577,308,buy
2025-10-24 13:38:40.000002+00:00,51.908,52.012,51.9134,434,sell
2025-10-24 13:38:42.857145+00:00,51.9119,52.0081,52.0427,527,buy
2025-10-24 13:38:45.714288+00:00,51.9193,52.0007,51.8721,629,sell
2025-10-24 13:38:48.571431+00:00,51.9228,51.9972,51.9607,204,sell
2025-10-24 13:38:51.428574+00:00,51.9071,52.0129,52.0553,410,buy
2025-10-24 13:38:54.285717+00:00,51.9156,52.0044,51.9289,524,sell
2025-10-24 13:38:57.142860+00:00,51.9115,52.0085,51.9333,299,sell
2025-10-24 13:39:00+00:00,51.9471,52.0114,52.0231,614,buy
2025-10-24 13:39:02.727273+00:00,51.9652,52.0009,52.0104,563,sell
2025-10-24 13:39:05.454546+00:00,51.9463,52.0268,51.9916,581,sell
2025-10-24 13:39:08.181819+00:00,51.9527,52.0266,51.984,223,sell
2025-10-24 13:39:10.909092+00:00,51.9557,52.0287,51.9592,231,sell
2025-10-24 13:39:13.636365+00:00,51.9523,52.0379,51.9994,447,sell
2025-10-24 13:39:16.363638+00:00,51.9656,52.0308,51.984,515,sell
2025-10-24 13:39:19.090911+00:00,51.968,52.035,52.0493,604,buy
2025-10-24 13:39:21.818184+00:00,51.9687,52.0403,52.0858,655,buy
2025-10-24 13:39:24.545457+00:00,51.9762,52.0384,52.0249,495,buy
2025-10-24 13:39:27.272730+00:00,51.9643,52.0565,51.9776,604,sell
2025-10-24 13:39:30.000003+00:00,51.9774,52.0502,52.0124,588,buy
2025-10-24 13:39:32.727276+00:00,51.9945,52.0386,51.9935,33,sell
2025-10-24 13:39:35.454549+00:00,51.9785,52.0603,52.0211,350,buy
2025-10-24 13:39:38.181822+00:00,51.9803,52.0649,52.0303,689,buy
2025-10-24 13:39:40.909095+00:00,51.9951,52.0574,52.0427,113,buy
2025-10-24 13:39:43.636368+00:00,51.9938,52.0633,52.081,437,buy
2025-10-24 13:39:46.363641+00:00,51.9822,52.0809,52.0931,541,buy
2025-10-24 13:39:49.090914+00:00,51.9952,52.0752,52.0566,334,buy
2025-10-24 13:39:51.818187+00:00,52.0121,52.0633,51.9775,223,sell
2025-10-24 13:39:54.545460+00:00,51.998,52.082,52.1269,261,buy
2025-10-24 13:39:57.272733+00:00,51.9964,52.0836,52.0067,188,sell
2025-10-24 13:40:00+00:00,51.9957,52.0642,52.062,391,buy
2025-10-24 13:40:02.500000+00:00,51.9991,52.0695,51.984,216,sell
2025-10-24 13:40:05+00:00,52.0106,52.0643,51.9766,325,sell
2025-10-24 13:40:07.500000+00:00,52.0002,52.0803,52.0471,294,sell
2025-10-24 13:40:10+00:00,51.9936,52.0943,51.9477,243,sell
2025-10-24 13:40:12.500000+00:00,52.0011,52.0916,52.0426,346,buy
2025-10-24 13:40:15+00:00,52.0169,52.0863,52.0923,394,buy
2025-10-24 13:40:17.500000+00:00,52.0162,52.0924,52.024,308,sell
2025-10-24 13:40:20+00:00,52.0271,52.0892,52.0944,182,buy
2025-10-24 13:40:22.500000+00:00,52.0331,52.0903,52.1237,212,buy
2025-10-24 13:40:25+00:00,52.0186,52.1103,52.0663,463,buy
2025-10-24 13:40:27.500000+00:00,52.019,52.119,52.0391,293,sell
2025-10-24 13:40:30+00:00,52.0275,52.1172,52.0708,216,buy
2025-10-24 13:40:32.500000+00:00,52.0308,52.1188,52.1462,229,buy
2025-10-24 13:40:35+00:00,52.0415,52.1163,52.1668,246,buy
2025-10-24 13:40:37.500000+00:00,52.046,52.1176,52.0851,248,buy
2025-10-24 13:40:40+00:00,52.0466,52.1243,52.1197,136,buy
2025-10-24 13:40:42.500000+00:00,52.0483,52.1298,52.1342,291,buy
2025-10-24 13:40:45+00:00,52.0544,52.1309,52.1026,408,buy
2025-10-24 13:40:47.500000+00:00,52.0376,52.1531,51.9866,328,sell
2025-10-24 13:40:50+00:00,52.0558,52.1426,52.1127,212,buy
2025-10-24 13:40:52.500000+00:00,52.0499,52.1578,52.034,370,sell
2025-10-24 13:40:55+00:00,52.0741,52.1379,52.1882,249,buy
2025-10-24 13:40:57.500000+00:00,52.0645,52.1546,52.1132,187,sell
2025-10-24 13:41:00+00:00,52.0473,52.1121,52.0426,66,sell
2025-10-24 13:41:02.727273+00:00,52.051,52.1041,52.0791,59,buy
2025-10-24 13:41:05.454546+00:00,52.0412,52.1086,52.0196,147,sell
2025-10-24 13:41:08.181819+00:00,52.0458,52.0996,52.1479,106,buy
2025-10-24 13:41:10.909092+00:00,52.031,52.1112,52.1146,117,buy
2025-10-24 13:41:13.636365+00:00,52.0284,52.1079,52.1478,110,buy
2025-10-24 13:41:16.363638+00:00,52.0129,52.1204,52.1414,164,buy
2025-10-24 13:41:19.090911+00:00,52.0202,52.1067,51.9836,104,sell
2025-10-24 13:41:21.818184+00:00,52.0264,52.0967,52.1382,70,buy
2025-10-24 13:41:24.545457+00:00,52.018,52.1018,52.066,96,buy
2025-10-24 13:41:27.272730+00:00,52.026,52.0883,52.1144,162,buy
2025-10-24 13:41:30.000003+00:00,52.011,52.099,52.122,107,buy
2025-10-24 13:41:32.727276+00:00,52.0136,52.092,52.0045,187,sell
2025-10-24 13:41:35.454549+00:00,52.0317,52.0694,52.03,69,sell
2025-10-24 13:41:38.181822+00:00,52.0112,52.0835,51.9713,28,sell
2025-10-24 13:41:40.909095+00:00,52.0007,52.0899,52.0366,145,sell
2025-10-24 13:41:43.636368+00:00,52.0037,52.0828,52.0785,60,buy
2025-10-24 13:41:46.363641+00:00,52.0006,52.0821,52.0372,135,buy
2025-10-24 13:41:49.090914+00:00,52.015,52.0633,52.0887,139,buy
2025-10-24 13:41:51.818187+00:00,52.0089,52.0643,51.975,77,sell
2025-10-24 13:41:54.545460+00:00,51.9898,52.0783,52.1013,97,buy
2025-10-24 13:41:57.272733+00:00,51.9855,52.0789,52.109,144,buy
2025-10-24 13:42:00+00:00,52.0291,52.0907,52.0444,97,sell
2025-10-24 13:42:02.608696+00:00,52.0222,52.089,52.0448,78,buy
2025-10-24 13:42:05.217392+00:00,51.9966,52.1053,51.949,168,sell
2025-10-24 13:42:07.826088+00:00,52.0063,52.0866,52.1069,95,buy
2025-10-24 13:42:10.434784+00:00,51.995,52.0901,52.0435,39,sell
2025-10-24 13:42:13.043480+00:00,52.0029,52.0732,51.9912,56,sell
2025-10-24 13:42:15.652176+00:00,51.9932,52.0753,51.9924,93,sell
2025-10-24 13:42:18.260872+00:00,51.9956,52.0629,52.0008,87,sell
2025-10-24 13:42:20.869568+00:00,51.9952,52.0541,52.0427,23,buy
2025-10-24 13:42:23.478264+00:00,51.988,52.0533,52.0772,64,buy
2025-10-24 13:42:26.086960+00:00,51.9686,52.0639,51.9829,140,sell
2025-10-24 13:42:28.695656+00:00,51.9722,52.0527,52.0672,111,buy
2025-10-24 13:42:31.304352+00:00,51.9629,52.0516,51.9751,82,sell
2025-10-24 13:42:33.913048+00:00,51.9637,52.043,51.939,87,sell
2025-10-24 13:42:36.521744+00:00,51.9544,52.0433,51.9403,16,sell
2025-10-24 13:42:39.130440+00:00,51.9673,52.0213,51.9481,106,sell
2025-10-24 13:42:41.739136+00:00,51.9635,52.017,51.9848,136,buy
2025-10-24 13:42:44.347832+00:00,51.952,52.02,51.9809,115,buy
2025-10-24 13:42:46.956528+00:00,51.9319,52.0303,51.9975,138,buy
2025-10-24 13:42:49.565224+00:00,51.9412,52.0188,52.0228,91,buy
2025-10-24 13:42:52.173920+00:00,51.9436,52.0164,51.9411,170,sell
2025-10-24 13:42:54.782616+00:00,51.9316,52.0284,52.0745,114,buy
2025-10-24 13:42:57.391312+00:00,51.9391,52.0209,52.0299,84,buy
2025-10-24 13:43:00+00:00,51.9439,52.015,51.9487,1194,sell
2025-10-24 13:43:02.727273+00:00,51.9379,52.0197,51.9855,481,buy
2025-10-24 13:43:05.454546+00:00,51.931,52.0225,51.9503,855,sell
2025-10-24 13:43:08.181819+00:00,51.932,52.0196,52.0225,913,buy
2025-10-24 13:43:10.909092+00:00,51.9443,52.0024,51.9862,934,sell
2025-10-24 13:43:13.636365+00:00,51.9342,52.011,52.0011,883,buy
2025-10-24 13:43:16.363638+00:00,51.9188,52.023,52.0367,1221,buy
2025-10-24 13:43:19.090911+00:00,51.9325,52.0072,51.9346,158,sell
2025-10-24 13:43:21.818184+00:00,51.9318,52.0039,51.9388,852,sell
2025-10-24 13:43:24.545457+00:00,51.9344,51.9991,52.0248,1081,buy
2025-10-24 13:43:27.272730+00:00,51.9357,51.9942,51.9923,1152,buy
2025-10-24 13:43:30.000003+00:00,51.9315,51.9954,51.9232,237,sell
2025-10-24 13:43:32.727276+00:00,51.9159,52.0082,51.926,448,sell
2025-10-24 13:43:35.454549+00:00,51.9179,52.0031,51.9372,1061,sell
2025-10-24 13:43:38.181822+00:00,51.9198,51.9976,52.0464,272,buy
2025-10-24 13:43:40.909095+00:00,51.9306,51.9845,51.9106,1545,sell
2025-10-24 13:43:43.636368+00:00,51.9154,51.9952,51.8984,686,sell
2025-10-24 13:43:46.363641+00:00,51.9194,51.9894,51.9559,841,sell
2025-10-24 13:43:49.090914+00:00,51.9175,51.9874,52.0023,1692,buy
2025-10-24 13:43:51.818187+00:00,51.9176,51.9824,51.9324,788,buy
2025-10-24 13:43:54.545460+00:00,51.907,51.9928,52.0295,477,buy
2025-10-24 13:43:57.272733+00:00,51.9032,51.9922,51.9688,1317,buy
2025-10-24 13:44:00+00:00,51.9143,51.986,51.946,59,sell
2025-10-24 13:44:02.500000+00:00,51.9203,51.9795,51.9515,52,sell
2025-10-24 13:44:05+00:00,51.9139,51.986,51.9655,61,sell
2025-10-24 13:44:07.500000+00:00,51.9076,51.9922,51.9713,36,buy
2025-10-24 13:44:10+00:00,51.9048,51.9952,51.9003,43,sell
2025-10-24 13:44:12.500000+00:00,51.906,51.9942,51.901,50,sell
2025-10-24 13:44:15+00:00,51.9111,51.9891,51.8701,15,sell
2025-10-24 13:44:17.500000+00:00,51.9012,51.9988,51.9053,53,sell
2025-10-24 13:44:20+00:00,51.9248,51.975,51.9466,61,buy
2025-10-24 13:44:22.500000+00:00,51.9173,51.9824,51.9677,53,sell
2025-10-24 13:44:25+00:00,51.9103,51.9894,51.9971,66,buy
2025-10-24 13:44:27.500000+00:00,51.9041,51.996,51.8913,57,sell
2025-10-24 13:44:30+00:00,51.9023,51.9984,51.8729,55,sell
2025-10-24 13:44:32.500000+00:00,51.9048,51.9953,51.9037,29,sell
2025-10-24 13:44:35+00:00,51.908,51.9918,51.9579,1,buy
2025-10-24 13:44:37.500000+00:00,51.9104,51.9893,51.9705,39,buy
2025-10-24 13:44:40+00:00,51.8958,52.0044,51.9929,90,buy
2025-10-24 13:44:42.500000+00:00,51.9137,51.986,52.0281,34,buy
2025-10-24 13:44:45+00:00,51.9152,51.985,51.9656,60,buy
2025-10-24 13:44:47.500000+00:00,51.9127,51.9871,52.0102,56,buy
2025-10-24 13:44:50+00:00,51.9061,51.9935,51.9565,39,sell
2025-10-24 13:44:52.500000+00:00,51.9152,51.9847,51.8812,58,sell
2025-10-24 13:44:55+00:00,51.91,51.9896,51.9182,80,sell
2025-10-24 13:44:57.500000+00:00,51.899,52.001,51.8585,41,sell
2025-10-24 13:45:00+00:00,51.9112,51.9888,51.8758,54,sell
2025-10-24 13:45:02.400000+00:00,51.9208,51.9722,51.9298,48,buy
2025-10-24 13:45:04.800000+00:00,51.9117,51.9753,51.8677,116,sell
2025-10-24 13:45:07.200000+00:00,51.8945,51.9854,51.9907,71,buy
2025-10-24 13:45:09.600000+00:00,51.9067,51.9664,51.9207,56,buy
2025-10-24 13:45:12+00:00,51.908,51.9582,51.9513,47,sell
2025-10-24 13:45:14.400000+00:00,51.8922,51.9674,51.9574,80,buy
2025-10-24 13:45:16.800000+00:00,51.8842,51.9693,51.9645,69,buy
2025-10-24 13:45:19.200000+00:00,51.8894,51.9577,51.9642,114,buy
2025-10-24 13:45:21.600000+00:00,51.8794,51.9603,51.8892,28,sell
2025-10-24 13:45:24+00:00,51.873,51.9597,51.8807,53,sell
2025-10-24 13:45:26.400000+00:00,51.8757,51.9507,51.9349,149,buy
2025-10-24 13:45:28.800000+00:00,51.8603,51.9598,51.9509,102,buy
2025-10-24 13:45:31.200000+00:00,51.8552,51.9587,51.8503,106,sell
2025-10-24 13:45:33.600000+00:00,51.8753,51.931,51.9026,65,buy
2025-10-24 13:45:36+00:00,51.8665,51.9335,51.9778,101,buy
2025-10-24 13:45:38.400000+00:00,51.8669,51.9331,51.8862,109,sell
2025-10-24 13:45:40.800000+00:00,51.8495,51.9505,51.8989,108,sell
2025-10-24 13:45:43.200000+00:00,51.8564,51.9436,51.9662,106,buy
2025-10-24 13:45:45.600000+00:00,51.8586,51.9414,51.9007,69,sell
2025-10-24 13:45:48+00:00,51.8641,51.9359,51.8736,26,sell
2025-10-24 13:45:50.400000+00:00,51.8515,51.9485,51.8807,125,sell
2025-10-24 13:45:52.800000+00:00,51.8517,51.9483,51.9371,59,buy
2025-10-24 13:45:55.200000+00:00,51.8506,51.9494,51.9661,71,buy
2025-10-24 13:45:57.600000+00:00,51.8553,51.9447,51.8986,55,sell
2025-10-24 13:46:00+00:00,51.8282,51.9317,51.8397,61,sell
2025-10-24 13:46:03.157895+00:00,51.8416,51.9216,51.9248,31,buy
2025-10-24 13:46:06.315790+00:00,51.8531,51.9138,51.9222,9,buy
2025-10-24 13:46:09.473685+00:00,51.845,51.9256,51.93,37,buy
2025-10-24 13:46:12.631580+00:00,51.8475,51.9266,51.9441,56,buy
2025-10-24 13:46:15.789475+00:00,51.8592,51.9188,51.9028,27,buy
2025-10-24 13:46:18.947370+00:00,51.8633,51.918,51.9108,5,sell
2025-10-24 13:46:22.105265+00:00,51.8671,51.9179,51.8681,68,buy
2025-10-24 13:46:25.263160+00:00,51.8588,51.9292,51.855,70,sell
2025-10-24 13:46:28.421055+00:00,51.8612,51.9304,51.8914,57,sell
2025-10-24 13:46:31.578950+00:00,51.8639,51.9315,51.8909,61,sell
2025-10-24 13:46:34.736845+00:00,51.8661,51.933,51.8466,32,sell
2025-10-24 13:46:37.894740+00:00,51.8714,51.9286,51.8634,49,sell
2025-10-24 13:46:41.052635+00:00,51.866,51.9341,51.9666,43,buy
2025-10-24 13:46:44.210530+00:00,51.8605,51.9395,51.8981,51,sell
2025-10-24 13:46:47.368425+00:00,51.8651,51.9349,51.8837,13,buy
2025-10-24 13:46:50.526320+00:00,51.8578,51.9422,51.8773,61,sell
2025-10-24 13:46:53.684215+00:00,51.8693,51.9307,51.9488,50,buy
2025-10-24 13:46:56.842110+00:00,51.8645,51.9355,51.8825,10,sell
2025-10-24 13:47:00+00:00,51.8276,51.9124,51.7838,35,sell
2025-10-24 13:47:02.608696+00:00,51.8294,51.9106,51.8196,62,sell
2025-10-24 13:47:05.217392+00:00,51.8337,51.9064,51.9076,72,buy
2025-10-24 13:47:07.826088+00:00,51.8266,51.9135,51.8336,21,sell
2025-10-24 13:47:10.434784+00:00,51.832,51.908,51.9364,41,buy
2025-10-24 13:47:13.043480+00:00,51.8299,51.9102,51.8186,68,sell
2025-10-24 13:47:15.652176+00:00,51.8356,51.9046,51.9451,46,buy
2025-10-24 13:47:18.260872+00:00,51.8235,51.9166,51.9271,59,buy
2025-10-24 13:47:20.869568+00:00,51.8207,51.9194,51.8623,74,sell
2025-10-24 13:47:23.478264+00:00,51.825,51.9152,51.8055,61,sell
2025-10-24 13:47:26.086960+00:00,51.8324,51.9076,51.9595,37,buy
2025-10-24 13:47:28.695656+00:00,51.8328,51.9072,51.9415,57,buy
2025-10-24 13:47:31.304352+00:00,51.8301,51.9099,51.8601,87,sell
2025-10-24 13:47:33.913048+00:00,51.8356,51.9044,51.8691,35,buy
2025-10-24 13:47:36.521744+00:00,51.8349,51.9051,51.9083,20,buy
2025-10-24 13:47:39.130440+00:00,51.8286,51.9115,51.8829,71,buy
2025-10-24 13:47:41.739136+00:00,51.8341,51.9059,51.8742,51,sell
2025-10-24 13:47:44.347832+00:00,51.834,51.9061,51.8842,21,sell
2025-10-24 13:47:46.956528+00:00,51.8508,51.8892,51.8781,59,buy
2025-10-24 13:47:49.565224+00:00,51.8396,51.9003,51.8343,77,sell
2025-10-24 13:47:52.173920+00:00,51.8239,51.9161,51.9098,57,buy
2025-10-24 13:47:54.782616+00:00,51.8285,51.9115,51.9057,44,buy
2025-10-24 13:47:57.391312+00:00,51.8407,51.8993,51.8923,33,buy
2025-10-24 13:48:00+00:00,51.8089,51.8905,51.8243,127,sell
2025-10-24 13:48:03+00:00,51.8198,51.8752,51.8188,171,sell
2025-10-24 13:48:06+00:00,51.8115,51.8778,51.8143,130,sell
2025-10-24 13:48:09+00:00,51.8024,51.8825,51.8189,139,sell
2025-10-24 13:48:12+00:00,51.7983,51.8816,51.7698,153,sell
2025-10-24 13:48:15+00:00,51.7896,51.8851,51.9084,145,buy
2025-10-24 13:48:18+00:00,51.7954,51.8744,51.8828,97,buy
2025-10-24 13:48:21+00:00,51.7927,51.8718,51.8974,157,buy
2025-10-24 13:48:24+00:00,51.7811,51.8792,51.743,141,sell
2025-10-24 13:48:27+00:00,51.7738,51.8806,51.8009,127,sell
2025-10-24 13:48:30+00:00,51.7947,51.8554,51.7738,117,sell
2025-10-24 13:48:33+00:00,51.7884,51.8564,51.7416,185,sell
2025-10-24 13:48:36+00:00,51.7731,51.8669,51.7923,84,sell
2025-10-24 13:48:39+00:00,51.7882,51.8518,51.8656,134,buy
2025-10-24 13:48:42+00:00,51.7759,51.8641,51.7602,119,sell
2025-10-24 13:48:45+00:00,51.777,51.863,51.8178,257,buy
2025-10-24 13:48:48+00:00,51.7657,51.8743,51.7589,195,sell
2025-10-24 13:48:51+00:00,51.7824,51.8576,51.7796,223,sell
2025-10-24 13:48:54+00:00,51.7768,51.8632,51.7893,112,sell
2025-10-24 13:48:57+00:00,51.7726,51.8674,51.7523,77,sell
2025-10-24 13:49:00+00:00,51.8201,51.8801,51.837,27,sell
2025-10-24 13:49:02.727273+00:00,51.8059,51.8942,51.8546,61,sell
2025-10-24 13:49:05.454546+00:00,51.8001,51.9,51.8488,42,buy
2025-10-24 13:49:08.181819+00:00,51.8093,51.8907,51.8434,35,sell
2025-10-24 13:49:10.909092+00:00,51.7989,51.9011,51.776,67,sell
2025-10-24 13:49:13.636365+00:00,51.8115,51.8885,51.845,68,sell
2025-10-24 13:49:16.363638+00:00,51.8182,51.8818,51.7807,22,sell
2025-10-24 13:49:19.090911+00:00,51.7964,51.9038,51.8212,44,sell
2025-10-24 13:49:21.818184+00:00,51.8152,51.8848,51.7994,34,sell
2025-10-24 13:49:24.545457+00:00,51.8066,51.8934,51.7799,65,sell
2025-10-24 13:49:27.272730+00:00,51.8133,51.8867,51.8463,47,sell
2025-10-24 13:49:30.000003+00:00,51.8099,51.8901,51.8491,36,sell
2025-10-24 13:49:32.727276+00:00,51.8155,51.8846,51.8524,51,buy
2025-10-24 13:49:35.454549+00:00,51.8225,51.8775,51.8052,62,sell
2025-10-24 13:49:38.181822+00:00,51.8204,51.8796,51.7983,40,sell
2025-10-24 13:49:40.909095+00:00,51.8023,51.8977,51.7664,60,sell
2025-10-24 13:49:43.636368+00:00,51.8187,51.8813,51.8012,46,sell
2025-10-24 13:49:46.363641+00:00,51.8315,51.8685,51.8165,42,sell
2025-10-24 13:49:49.090914+00:00,51.8187,51.8813,51.8571,45,sell
2025-10-24 13:49:51.818187+00:00,51.8156,51.8844,51.8984,24,buy
2025-10-24 13:49:54.545460+00:00,51.8206,51.8794,51.82,30,sell
2025-10-24 13:49:57.272733+00:00,51.8203,51.8797,51.7905,41,sell
2025-10-24 13:50:00+00:00,51.8107,51.8895,51.9167,178,buy
2025-10-24 13:50:03+00:00,51.8341,51.8875,51.9026,1100,buy
2025-10-24 13:50:06+00:00,51.8311,51.9156,51.8209,1009,sell
2025-10-24 13:50:09+00:00,51.847,51.924,51.906,682,buy
2025-10-24 13:50:12+00:00,51.8494,51.944,51.8682,734,sell
2025-10-24 13:50:15+00:00,51.867,51.9489,51.8874,1389,sell
2025-10-24 13:50:18+00:00,51.8804,51.9618,51.9938,1115,buy
2025-10-24 13:50:21+00:00,51.8883,51.9763,51.9249,1513,buy
2025-10-24 13:50:24+00:00,51.9124,51.9779,51.9492,318,buy
2025-10-24 13:50:27+00:00,51.917,51.9965,51.9549,1164,buy
2025-10-24 13:50:30+00:00,51.9183,52.0193,51.8672,1089,sell
2025-10-24 13:50:33+00:00,51.9491,52.011,51.9432,926,sell
2025-10-24 13:50:36+00:00,51.9522,52.0278,51.962,1058,sell
2025-10-24 13:50:39+00:00,51.95,52.03,51.9294,1554,sell
2025-10-24 13:50:42+00:00,51.9543,52.0257,52.023,308,buy
2025-10-24 13:50:45+00:00,51.9392,52.0408,52.0777,1787,buy
2025-10-24 13:50:48+00:00,51.9546,52.0254,51.9583,1662,sell
2025-10-24 13:50:51+00:00,51.9576,52.0224,52.009,879,buy
2025-10-24 13:50:54+00:00,51.9463,52.0337,52.0205,1263,buy
2025-10-24 13:50:57+00:00,51.9578,52.0222,52.0178,561,buy
2025-10-24 13:51:00+00:00,51.9737,52.0459,52.0056,792,sell
2025-10-24 13:51:03.333333+00:00,51.9677,52.0212,52.0129,1210,buy
2025-10-24 13:51:06.666666+00:00,51.9316,52.0273,52.0439,791,buy
2025-10-24 13:51:09.999999+00:00,51.9291,51.9999,51.9565,2515,sell
2025-10-24 13:51:13.333332+00:00,51.9193,51.9788,51.9038,809,sell
2025-10-24 13:51:16.666665+00:00,51.8922,51.9763,51.9772,1504,buy
2025-10-24 13:51:19.999998+00:00,51.8864,51.9518,51.9441,1915,buy
2025-10-24 13:51:23.333331+00:00,51.8686,51.9374,51.9362,1638,buy
2025-10-24 13:51:26.666664+00:00,51.8605,51.9173,51.9148,1436,buy
2025-10-24 13:51:29.999997+00:00,51.8268,51.9218,51.8916,3060,buy
2025-10-24 13:51:33.333330+00:00,51.8223,51.8966,51.8625,2051,buy
2025-10-24 13:51:36.666663+00:00,51.7992,51.9008,51.901,1883,buy
2025-10-24 13:51:39.999996+00:00,51.8096,51.8904,51.8565,1402,buy
2025-10-24 13:51:43.333329+00:00,51.8262,51.8738,51.7828,1780,sell
2025-10-24 13:51:46.666662+00:00,51.8056,51.8944,51.8258,1962,sell
2025-10-24 13:51:49.999995+00:00,51.806,51.894,51.82,1790,sell
2025-10-24 13:51:53.333328+00:00,51.8096,51.8904,51.8514,1800,buy
2025-10-24 13:51:56.666661+00:00,51.8087,51.8913,51.8831,1654,buy
2025-10-24 13:52:00+00:00,51.7968,51.8647,51.7887,263,sell
2025-10-24 13:52:03.529412+00:00,51.7987,51.8722,51.7852,229,sell
2025-10-24 13:52:07.058824+00:00,51.8054,51.8749,51.8369,116,buy
2025-10-24 13:52:10.588236+00:00,51.8019,51.8888,51.873,122,buy
2025-10-24 13:52:14.117648+00:00,51.8005,51.8992,51.7535,243,sell
2025-10-24 13:52:17.647060+00:00,51.8132,51.8957,51.9403,105,buy
2025-10-24 13:52:21.176472+00:00,51.8133,51.9046,51.9247,128,buy
2025-10-24 13:52:24.705884+00:00,51.8304,51.9005,51.7828,224,sell
2025-10-24 13:52:28.235296+00:00,51.8481,51.8925,51.8875,194,buy
2025-10-24 13:52:31.764708+00:00,51.8449,51.9048,51.8775,198,buy
2025-10-24 13:52:35.294120+00:00,51.8639,51.8953,51.9326,258,buy
2025-10-24 13:52:38.823532+00:00,51.8392,51.9208,51.8053,96,sell
2025-10-24 13:52:42.352944+00:00,51.8358,51.9242,51.8602,222,sell
2025-10-24 13:52:45.882356+00:00,51.8427,51.9173,51.9322,129,buy
2025-10-24 13:52:49.411768+00:00,51.8412,51.9188,51.9664,179,buy
2025-10-24 13:52:52.941180+00:00,51.8479,51.9121,51.8387,142,sell
2025-10-24 13:52:56.470592+00:00,51.8399,51.9201,51.89,142,sell
2025-10-24 13:53:00+00:00,51.8218,51.918,51.8103,104,sell
2025-10-24 13:53:03+00:00,51.8276,51.909,51.8114,64,sell
2025-10-24 13:53:06+00:00,51.8213,51.9119,51.8709,32,buy
2025-10-24 13:53:09+00:00,51.8208,51.909,51.8705,71,sell
2025-10-24 13:53:12+00:00,51.8296,51.897,51.9424,42,buy
2025-10-24 13:53:15+00:00,51.8275,51.8957,51.7802,123,sell
2025-10-24 13:53:18+00:00,51.8118,51.9079,51.8396,81,sell
2025-10-24 13:53:21+00:00,51.8136,51.9028,51.7827,118,sell
2025-10-24 13:53:24+00:00,51.8197,51.8932,51.9282,88,buy
2025-10-24 13:53:27+00:00,51.8138,51.896,51.917,120,buy
2025-10-24 13:53:30+00:00,51.8063,51.9003,51.8557,68,sell
2025-10-24 13:53:33+00:00,51.8141,51.8887,51.8403,85,sell
2025-10-24 13:53:36+00:00,51.8271,51.8729,51.8569,201,buy
2025-10-24 13:53:39+00:00,51.806,51.894,51.85,101,sell
2025-10-24 13:53:42+00:00,51.8099,51.8901,51.9159,74,buy
2025-10-24 13:53:45+00:00,51.8095,51.8905,51.9334,43,buy
2025-10-24 13:53:48+00:00,51.802,51.898,51.8022,73,sell
2025-10-24 13:53:51+00:00,51.8233,51.8767,51.8323,103,buy
2025-10-24 13:53:54+00:00,51.8063,51.8937,51.9124,105,buy
2025-10-24 13:53:57+00:00,51.8072,51.8927,51.7723,93,sell
2025-10-24 13:54:00+00:00,51.8027,51.8771,51.8607,92,buy
2025-10-24 13:54:03+00:00,51.7911,51.8869,51.7586,63,sell
2025-10-24 13:54:06+00:00,51.8088,51.8683,51.8929,121,buy
2025-10-24 13:54:09+00:00,51.7939,51.8808,51.8436,151,buy
2025-10-24 13:54:12+00:00,51.788,51.8852,51.7514,181,sell
2025-10-24 13:54:15+00:00,51.8109,51.8605,51.7872,167,sell
2025-10-24 13:54:18+00:00,51.7856,51.8841,51.8468,159,buy
2025-10-24 13:54:21+00:00,51.7921,51.8759,51.8312,193,buy
2025-10-24 13:54:24+00:00,51.8011,51.8652,51.8529,147,sell
2025-10-24 13:54:27+00:00,51.7908,51.8743,51.7985,176,sell
2025-10-24 13:54:30+00:00,51.802,51.8617,51.8159,140,buy
2025-10-24 13:54:33+00:00,51.7738,51.8874,51.7423,148,sell
2025-10-24 13:54:36+00:00,51.7991,51.8609,51.8338,116,sell
2025-10-24 13:54:39+00:00,51.7844,51.8756,51.7659,106,sell
2025-10-24 13:54:42+00:00,51.8008,51.8592,51.8135,106,sell
2025-10-24 13:54:45+00:00,51.7888,51.8712,51.8393,151,buy
2025-10-24 13:54:48+00:00,51.7879,51.8721,51.9105,124,buy
2025-10-24 13:54:51+00:00,51.7669,51.8931,51.7417,56,sell
2025-10-24 13:54:54+00:00,51.8003,51.8597,51.8332,147,sell
2025-10-24 13:54:57+00:00,51.7975,51.8625,51.8192,144,buy
2025-10-24 13:55:00+00:00,51.7877,51.8523,51.8215,54,buy
2025-10-24 13:55:02.500000+00:00,51.7896,51.8577,51.7691,104,sell
2025-10-24 13:55:05+00:00,51.7988,51.8544,51.8761,112,buy
2025-10-24 13:55:07.500000+00:00,51.7858,51.8753,51.7832,83,sell
2025-10-24 13:55:10+00:00,51.7958,51.871,51.836,33,buy
2025-10-24 13:55:12.500000+00:00,51.7856,51.8891,51.9107,86,buy
2025-10-24 13:55:15+00:00,51.8053,51.8754,51.8567,98,buy
2025-10-24 13:55:17.500000+00:00,51.809,51.8795,51.8391,69,buy
2025-10-24 13:55:20+00:00,51.8026,51.8929,51.7719,51,sell
2025-10-24 13:55:22.500000+00:00,51.8103,51.8914,51.8501,74,buy
2025-10-24 13:55:25+00:00,51.823,51.8877,51.7995,105,sell
2025-10-24 13:55:27.500000+00:00,51.8117,51.9049,51.826,110,sell
2025-10-24 13:55:30+00:00,51.8173,51.9068,51.8616,109,buy
2025-10-24 13:55:32.500000+00:00,51.8207,51.9097,51.8605,104,buy
2025-10-24 13:55:35+00:00,51.8276,51.9116,51.8634,65,sell
2025-10-24 13:55:37.500000+00:00,51.836,51.9082,51.8702,85,buy
2025-10-24 13:55:40+00:00,51.8394,51.9123,51.8742,73,buy
2025-10-24 13:55:42.500000+00:00,51.8393,51.9196,51.8903,114,sell
2025-10-24 13:55:45+00:00,51.8561,51.9074,51.8783,75,buy
2025-10-24 13:55:47.500000+00:00,51.8453,51.927,51.8858,103,buy
2025-10-24 13:55:50+00:00,51.8333,51.9455,51.93,66,buy
2025-10-24 13:55:52.500000+00:00,51.8636,51.9219,51.9065,90,sell
2025-10-24 13:55:55+00:00,51.8676,51.9274,51.9111,121,buy
2025-10-24 13:55:57.500000+00:00,51.8567,51.9433,51.99,105,buy
2025-10-24 13:56:00+00:00,51.8441,51.9156,51.8815,96,sell
2025-10-24 13:56:02.727273+00:00,51.8343,51.9209,51.8275,84,sell
2025-10-24 13:56:05.454546+00:00,51.8449,51.906,51.8245,93,sell
2025-10-24 13:56:08.181819+00:00,51.8382,51.9081,51.9058,41,buy
2025-10-24 13:56:10.909092+00:00,51.8275,51.9139,51.8154,72,sell
2025-10-24 13:56:13.636365+00:00,51.8325,51.9049,51.8719,98,sell
2025-10-24 13:56:16.363638+00:00,51.8407,51.8919,51.917,133,buy
2025-10-24 13:56:19.090911+00:00,51.832,51.8959,51.8463,58,sell
2025-10-24 13:56:21.818184+00:00,51.8178,51.9061,51.9496,84,buy
2025-10-24 13:56:24.545457+00:00,51.8169,51.9012,51.8079,89,sell
2025-10-24 13:56:27.272730+00:00,51.8255,51.8888,51.787,74,sell
2025-10-24 13:56:30.000003+00:00,51.8158,51.8937,51.8291,43,sell
2025-10-24 13:56:32.727276+00:00,51.8126,51.8923,51.9125,87,buy
2025-10-24 13:56:35.454549+00:00,51.8107,51.8901,51.862,107,sell
2025-10-24 13:56:38.181822+00:00,51.8097,51.8903,51.853,104,sell
2025-10-24 13:56:40.909095+00:00,51.8096,51.8904,51.9389,69,buy
2025-10-24 13:56:43.636368+00:00,51.815,51.885,51.9177,105,buy
2025-10-24 13:56:46.363641+00:00,51.8044,51.8956,51.8423,77,sell
2025-10-24 13:56:49.090914+00:00,51.8079,51.8921,51.9332,97,buy
2025-10-24 13:56:51.818187+00:00,51.8076,51.8924,51.8491,105,sell
2025-10-24 13:56:54.545460+00:00,51.803,51.897,51.7805,45,sell
2025-10-24 13:56:57.272733+00:00,51.8067,51.8933,51.7684,128,sell
2025-10-24 13:57:00+00:00,51.8208,51.899,51.8276,177,sell
2025-10-24 13:57:03+00:00,51.8263,51.8852,51.8728,152,buy
2025-10-24 13:57:06+00:00,51.8302,51.873,51.7836,61,sell
2025-10-24 13:57:09+00:00,51.8053,51.8901,51.8505,157,sell
2025-10-24 13:57:12+00:00,51.8098,51.8774,51.8325,227,buy
2025-10-24 13:57:15+00:00,51.7963,51.8822,51.84,178,buy
2025-10-24 13:57:18+00:00,51.7836,51.8855,51.8929,113,buy
2025-10-24 13:57:21+00:00,51.7987,51.8615,51.7576,128,sell
2025-10-24 13:57:24+00:00,51.7936,51.8587,51.813,99,sell
2025-10-24 13:57:27+00:00,51.7862,51.8584,51.7401,140,sell
2025-10-24 13:57:30+00:00,51.7616,51.873,51.7585,220,sell
2025-10-24 13:57:33+00:00,51.7816,51.8461,51.811,100,buy
2025-10-24 13:57:36+00:00,51.7621,51.8579,51.7639,65,sell
2025-10-24 13:57:39+00:00,51.7726,51.8474,51.8165,43,buy
2025-10-24 13:57:42+00:00,51.7563,51.8637,51.8268,235,buy
2025-10-24 13:57:45+00:00,51.7724,51.8476,51.8252,87,buy
2025-10-24 13:57:48+00:00,51.7675,51.8525,51.88,118,buy
2025-10-24 13:57:51+00:00,51.772,51.848,51.8925,215,buy
2025-10-24 13:57:54+00:00,51.7643,51.8557,51.7917,109,sell
2025-10-24 13:57:57+00:00,51.7628,51.8572,51.8944,167,buy
2025-10-24 13:58:00+00:00,51.771,51.8491,51.7996,154,sell
2025-10-24 13:58:03+00:00,51.7715,51.8548,51.8761,90,buy
2025-10-24 13:58:06+00:00,51.7806,51.8529,51.7581,4,sell
2025-10-24 13:58:09+00:00,51.7779,51.8625,51.8914,100,buy
2025-10-24 13:58:12+00:00,51.7711,51.8763,51.7943,48,sell
2025-10-24 13:58:15+00:00,51.7889,51.8654,51.9057,121,buy
2025-10-24 13:58:18+00:00,51.7983,51.8623,51.7518,132,sell
2025-10-24 13:58:21+00:00,51.7997,51.8686,51.8367,151,sell
2025-10-24 13:58:24+00:00,51.7923,51.8818,51.9009,164,buy
2025-10-24 13:58:27+00:00,51.803,51.8774,51.8993,130,buy
2025-10-24 13:58:30+00:00,51.8149,51.8723,51.9229,96,buy
2025-10-24 13:58:33+00:00,51.8055,51.888,51.8049,88,sell
2025-10-24 13:58:36+00:00,51.8191,51.8809,51.7944,34,sell
2025-10-24 13:58:39+00:00,51.8108,51.8892,51.7818,102,sell
2025-10-24 13:58:42+00:00,51.8115,51.8885,51.772,118,sell
2025-10-24 13:58:45+00:00,51.8056,51.8944,51.7732,190,sell
2025-10-24 13:58:48+00:00,51.8147,51.8853,51.8934,161,buy
2025-10-24 13:58:51+00:00,51.8039,51.8961,51.8721,107,buy
2025-10-24 13:58:54+00:00,51.8021,51.8979,51.8838,191,buy
2025-10-24 13:58:57+00:00,51.8136,51.8864,51.8661,108,buy
2025-10-24 13:59:00+00:00,51.7863,51.8729,51.8754,2165,buy
2025-10-24 13:59:03.750000+00:00,51.7816,51.8815,51.9078,1968,buy
2025-10-24 13:59:07.500000+00:00,51.8077,51.8566,51.9085,907,buy
2025-10-24 13:59:11.250000+00:00,51.7894,51.8771,51.8887,2657,buy
2025-10-24 13:59:15+00:00,51.7934,51.8753,51.872,1005,buy
2025-10-24 13:59:18.750000+00:00,51.7881,51.8821,51.7756,1388,sell
2025-10-24 13:59:22.500000+00:00,51.7909,51.8817,51.8381,2800,buy
2025-10-24 13:59:26.250000+00:00,51.7896,51.8864,51.8883,1384,buy
2025-10-24 13:59:30+00:00,51.8055,51.8716,51.7781,824,sell
2025-10-24 13:59:33.750000+00:00,51.8031,51.8749,51.7547,1634,sell
2025-10-24 13:59:37.500000+00:00,51.7951,51.8851,51.9293,1337,buy
2025-10-24 13:59:41.250000+00:00,51.8058,51.8773,51.8693,785,buy
2025-10-24 13:59:45+00:00,51.7999,51.886,51.8198,2104,sell
2025-10-24 13:59:48.750000+00:00,51.7988,51.8896,51.8964,874,buy
2025-10-24 13:59:52.500000+00:00,51.8025,51.8877,51.8181,2271,sell
2025-10-24 13:59:56.250000+00:00,51.8067,51.8854,51.8425,988,sell
2025-10-24 14:00:00+00:00,51.8083,51.8917,51.8595,723,buy
2025-10-24 14:00:03+00:00,51.804,51.8855,51.8525,633,buy
2025-10-24 14:00:06+00:00,51.7993,51.8799,51.7548,176,sell
2025-10-24 14:00:09+00:00,51.7891,51.8811,51.8177,892,sell
2025-10-24 14:00:12+00:00,51.7892,51.8719,51.9237,762,buy
2025-10-24 14:00:15+00:00,51.7839,51.8622,51.7886,976,sell
2025-10-24 14:00:18+00:00,51.7896,51.8494,51.8779,433,buy
2025-10-24 14:00:21+00:00,51.7713,51.8577,51.8461,827,buy
2025-10-24 14:00:24+00:00,51.7719,51.8468,51.8669,841,buy
2025-10-24 14:00:27+00:00,51.7648,51.8451,51.8524,1144,buy
2025-10-24 14:00:30+00:00,51.7624,51.8367,51.8072,1014,buy
2025-10-24 14:00:33+00:00,51.7554,51.8339,51.8831,1190,buy
2025-10-24 14:00:36+00:00,51.7531,51.8269,51.8536,1067,buy
2025-10-24 14:00:39+00:00,51.7492,51.8308,51.7472,710,sell
2025-10-24 14:00:42+00:00,51.7551,51.8249,51.8526,361,buy
2025-10-24 14:00:45+00:00,51.7449,51.8351,51.7973,544,buy
2025-10-24 14:00:48+00:00,51.7432,51.8368,51.7648,1274,sell
2025-10-24 14:00:51+00:00,51.7607,51.8193,51.7326,880,sell
2025-10-24 14:00:54+00:00,51.7472,51.8328,51.7889,1229,buy
2025-10-24 14:00:57+00:00,51.7519,51.8281,51.8528,817,buy
2025-10-24 14:01:00+00:00,51.7311,51.8287,51.7223,112,sell
2025-10-24 14:01:03.529412+00:00,51.7339,51.8219,51.7801,96,sell
2025-10-24 14:01:07.058824+00:00,51.73,51.8216,51.8671,111,buy
2025-10-24 14:01:10.588236+00:00,51.7255,51.8221,51.7278,80,sell
2025-10-24 14:01:14.117648+00:00,51.7288,51.815,51.7129,67,sell
2025-10-24 14:01:17.647060+00:00,51.7226,51.818,51.8636,52,buy
2025-10-24 14:01:21.176472+00:00,51.7311,51.8055,51.7748,52,sell
2025-10-24 14:01:24.705884+00:00,51.7486,51.7831,51.7596,14,buy
2025-10-24 14:01:28.235296+00:00,51.7296,51.7979,51.7524,51,buy
2025-10-24 14:01:31.764708+00:00,51.7185,51.8057,51.8531,64,buy
2025-10-24 14:01:35.294120+00:00,51.7178,51.8022,51.6664,70,sell
2025-10-24 14:01:38.823532+00:00,51.7093,51.8062,51.7712,72,buy
2025-10-24 14:01:42.352944+00:00,51.7242,51.7883,51.7573,148,sell
2025-10-24 14:01:45.882356+00:00,51.7206,51.7874,51.7572,57,buy
2025-10-24 14:01:49.411768+00:00,51.7169,51.7876,51.7274,94,sell
2025-10-24 14:01:52.941180+00:00,51.7006,51.7992,51.7055,85,sell
2025-10-24 14:01:56.470592+00:00,51.7121,51.7834,51.6945,67,sell
2025-10-24 14:02:00+00:00,51.6854,51.7558,51.6789,78,sell
2025-10-24 14:02:03.529412+00:00,51.6903,51.7556,51.7166,106,sell
2025-10-24 14:02:07.058824+00:00,51.686,51.7662,51.7144,180,sell
2025-10-24 14:02:10.588236+00:00,51.6814,51.7772,51.6862,70,sell
2025-10-24 14:02:14.117648+00:00,51.7068,51.7571,51.7353,66,buy
2025-10-24 14:02:17.647060+00:00,51.7109,51.7584,51.7818,95,buy
2025-10-24 14:02:21.176472+00:00,51.7292,51.7465,51.7792,84,sell
2025-10-24 14:02:24.705884+00:00,51.6926,51.7888,51.7527,75,buy
2025-10-24 14:02:28.235296+00:00,51.6946,51.7937,51.7757,171,buy
2025-10-24 14:02:31.764708+00:00,51.6961,51.7973,51.6573,106,sell
2025-10-24 14:02:35.294120+00:00,51.7074,51.7919,51.6995,156,sell
2025-10-24 14:02:38.823532+00:00,51.7186,51.7876,51.7983,98,buy
2025-10-24 14:02:42.352944+00:00,51.7226,51.7896,51.7349,2,sell
2025-10-24 14:02:45.882356+00:00,51.7152,51.8031,51.6877,121,sell
2025-10-24 14:02:49.411768+00:00,51.7227,51.7973,51.7304,44,sell
2025-10-24 14:02:52.941180+00:00,51.7091,51.8109,51.724,158,sell
2025-10-24 14:02:56.470592+00:00,51.7148,51.8052,51.6707,83,sell
2025-10-24 14:03:00+00:00,51.6966,51.7634,51.7953,57,buy
2025-10-24 14:03:03.157895+00:00,51.6846,51.7736,51.6469,62,sell
2025-10-24 14:03:06.315790+00:00,51.6933,51.7632,51.7382,92,sell
2025-10-24 14:03:09.473685+00:00,51.6893,51.7654,51.7083,81,sell
2025-10-24 14:03:12.631580+00:00,51.6911,51.7618,51.7259,70,sell
2025-10-24 14:03:15.789475+00:00,51.6781,51.7729,51.6907,61,sell
2025-10-24 14:03:18.947370+00:00,51.6825,51.7668,51.7744,71,buy
2025-10-24 14:03:22.105265+00:00,51.687,51.7604,51.7765,43,buy
2025-10-24 14:03:25.263160+00:00,51.6885,51.7571,51.7851,101,buy
2025-10-24 14:03:28.421055+00:00,51.6831,51.7607,51.6828,34,sell
2025-10-24 14:03:31.578950+00:00,51.6816,51.7606,51.7102,84,sell
2025-10-24 14:03:34.736845+00:00,51.6843,51.756,51.6814,29,sell
2025-10-24 14:03:37.894740+00:00,51.6887,51.7513,51.7144,69,buy
2025-10-24 14:03:41.052635+00:00,51.6907,51.7493,51.6963,95,sell
2025-10-24 14:03:44.210530+00:00,51.6752,51.7648,51.7472,104,buy
2025-10-24 14:03:47.368425+00:00,51.6803,51.7597,51.7079,70,sell
2025-10-24 14:03:50.526320+00:00,51.6772,51.7629,51.7082,75,sell
2025-10-24 14:03:53.684215+00:00,51.685,51.755,51.707,57,buy
2025-10-24 14:03:56.842110+00:00,51.7005,51.7395,51.7858,36,buy
2025-10-24 14:04:00+00:00,51.6972,51.7832,51.6738,169,sell
2025-10-24 14:04:03.529412+00:00,51.7083,51.7652,51.7442,133,buy
2025-10-24 14:04:07.058824+00:00,51.7001,51.7668,51.7198,361,buy
2025-10-24 14:04:10.588236+00:00,51.6894,51.7726,51.6779,147,sell
2025-10-24 14:04:14.117648+00:00,51.6858,51.7699,51.6719,283,sell
2025-10-24 14:04:17.647060+00:00,51.6773,51.7721,51.7951,136,buy
2025-10-24 14:04:21.176472+00:00,51.6806,51.7628,51.8123,308,buy
2025-10-24 14:04:24.705884+00:00,51.6898,51.7478,51.7926,307,buy
2025-10-24 14:04:28.235296+00:00,51.6766,51.756,51.6343,185,sell
2025-10-24 14:04:31.764708+00:00,51.6743,51.7511,51.7108,187,buy
2025-10-24 14:04:35.294120+00:00,51.6672,51.753,51.7678,223,buy
2025-10-24 14:04:38.823532+00:00,51.687,51.7269,51.6491,51,sell
2025-10-24 14:04:42.352944+00:00,51.6611,51.7471,51.7661,172,buy
2025-10-24 14:04:45.882356+00:00,51.6621,51.7396,51.6359,157,sell
2025-10-24 14:04:49.411768+00:00,51.6492,51.7458,51.7226,242,buy
2025-10-24 14:04:52.941180+00:00,51.6533,51.7363,51.6576,280,sell
2025-10-24 14:04:56.470592+00:00,51.6473,51.7374,51.646,251,sell
2025-10-24 14:05:00+00:00,51.6818,51.7582,51.6714,96,sell
2025-10-24 14:05:03.157895+00:00,51.6892,51.7508,51.7864,6,buy
2025-10-24 14:05:06.315790+00:00,51.6921,51.7479,51.7893,104,buy
2025-10-24 14:05:09.473685+00:00,51.6696,51.7706,51.6779,144,sell
2025-10-24 14:05:12.631580+00:00,51.6751,51.7649,51.7106,96,sell
2025-10-24 14:05:15.789475+00:00,51.6774,51.7626,51.7641,68,buy
2025-10-24 14:05:18.947370+00:00,51.6907,51.7494,51.6692,156,sell
2025-10-24 14:05:22.105265+00:00,51.6849,51.7551,51.6712,88,sell
2025-10-24 14:05:25.263160+00:00,51.6811,51.7589,51.8082,111,buy
2025-10-24 14:05:28.421055+00:00,51.6795,51.7605,51.6573,75,sell
2025-10-24 14:05:31.578950+00:00,51.6696,51.7705,51.7753,57,buy
2025-10-24 14:05:34.736845+00:00,51.6723,51.7677,51.6476,58,sell
2025-10-24 14:05:37.894740+00:00,51.6746,51.7654,51.7255,73,sell
2025-10-24 14:05:41.052635+00:00,51.6896,51.7504,51.6816,82,sell
2025-10-24 14:05:44.210530+00:00,51.6793,51.7607,51.7442,32,buy
2025-10-24 14:05:47.368425+00:00,51.6771,51.7629,51.702,139,sell
2025-10-24 14:05:50.526320+00:00,51.6851,51.755,51.7758,41,buy
2025-10-24 14:05:53.684215+00:00,51.6731,51.7669,51.7114,43,sell
2025-10-24 14:05:56.842110+00:00,51.6806,51.7595,51.7632,121,buy
2025-10-24 14:06:00+00:00,51.6825,51.7374,51.744,144,buy
2025-10-24 14:06:04.285714+00:00,51.6654,51.7475,51.7594,142,buy
2025-10-24 14:06:08.571428+00:00,51.6672,51.7374,51.6876,192,buy
2025-10-24 14:06:12.857142+00:00,51.6635,51.734,51.6185,210,sell
