timestamp,bid,ask,trade_price,volume,side
2025-10-24 13:00:00+00:00,131.1293,131.2839,131.2487,0,sell
2025-10-24 13:00:00.800000+00:00,131.1127,131.2803,131.3542,0,buy
2025-10-24 13:00:01.600000+00:00,131.1261,131.2619,131.1199,0,sell
2025-10-24 13:00:02.400000+00:00,131.1144,131.2479,131.2387,0,sell
2025-10-24 13:00:03.200000+00:00,131.0859,131.2474,131.1314,0,buy
2025-10-24 13:00:04+00:00,131.0689,131.25,131.1481,0,sell
2025-10-24 13:00:04.800000+00:00,131.0677,131.2339,131.1361,0,sell
2025-10-24 13:00:05.600000+00:00,131.052,131.2307,131.0546,0,sell
2025-10-24 13:00:06.400000+00:00,131.0366,131.2269,130.9508,0,sell
2025-10-24 13:00:07.200000+00:00,131.0578,131.1821,131.1381,0,sell
2025-10-24 13:00:08+00:00,131.0098,131.2112,131.0968,0,sell
2025-10-24 13:00:08.800000+00:00,131.0254,131.1735,131.0743,0,sell
2025-10-24 13:00:09.600000+00:00,130.9581,131.228,130.8802,0,sell
2025-10-24 13:00:10.400000+00:00,130.9856,131.1771,131.236,0,buy
2025-10-24 13:00:11.200000+00:00,130.9965,131.1444,130.9806,0,sell
2025-10-24 13:00:12+00:00,130.9412,131.1748,131.2959,0,buy
2025-10-24 13:00:12.800000+00:00,130.9594,131.1399,130.9662,0,sell
2025-10-24 13:00:13.600000+00:00,130.9511,131.1249,131.1764,0,buy
2025-10-24 13:00:14.400000+00:00,130.942,131.1194,131.0318,0,sell
2025-10-24 13:00:15.200000+00:00,130.953,131.088,131.1005,0,buy
2025-10-24 13:00:16+00:00,130.9279,131.0946,130.9843,0,sell
2025-10-24 13:00:16.800000+00:00,130.8994,131.1062,130.8808,0,sell
2025-10-24 13:00:17.600000+00:00,130.9115,131.0669,131.0363,0,sell
2025-10-24 13:00:18.400000+00:00,130.8738,131.0877,130.8509,0,sell
2025-10-24 13:00:19.200000+00:00,130.8847,131.0542,130.7712,0,sell
2025-10-24 13:00:20+00:00,130.8654,131.0597,130.8891,0,sell
2025-10-24 13:00:20.800000+00:00,130.8716,131.0288,130.7922,0,sell
2025-10-24 13:00:21.600000+00:00,130.8303,131.0558,131.0667,0,buy
2025-10-24 13:00:22.400000+00:00,130.8463,131.0155,130.7161,0,sell
2025-10-24 13:00:23.200000+00:00,130.8113,131.0318,131.028,0,buy
2025-10-24 13:00:24+00:00,130.8096,131.0221,130.7591,0,sell
2025-10-24 13:00:24.800000+00:00,130.8028,130.9986,130.7584,0,sell
2025-10-24 13:00:25.600000+00:00,130.7924,130.9962,130.7366,0,sell
2025-10-24 13:00:26.400000+00:00,130.7868,130.9689,130.991,0,buy
2025-10-24 13:00:27.200000+00:00,130.7805,130.9571,130.6815,0,sell
2025-10-24 13:00:28+00:00,130.7567,130.9709,130.7228,0,sell
2025-10-24 13:00:28.800000+00:00,130.7471,130.9611,131.0611,0,buy
2025-10-24 13:00:29.600000+00:00,130.7562,130.9248,130.6722,0,sell
2025-10-24 13:00:30.400000+00:00,130.7279,130.9309,130.6363,0,sell
2025-10-24 13:00:31.200000+00:00,130.7274,130.9101,130.9135,0,buy
2025-10-24 13:00:32+00:00,130.7199,130.9041,131.0064,0,buy
2025-10-24 13:00:32.800000+00:00,130.7423,130.8593,130.9653,0,buy
2025-10-24 13:00:33.600000+00:00,130.6891,130.8952,131.0083,0,buy
2025-10-24 13:00:34.400000+00:00,130.6846,130.8788,130.8017,0,buy
2025-10-24 13:00:35.200000+00:00,130.695,130.8532,130.7429,0,sell
2025-10-24 13:00:36+00:00,130.6443,130.8788,130.9261,0,buy
2025-10-24 13:00:36.800000+00:00,130.6492,130.8508,130.5403,0,sell
2025-10-24 13:00:37.600000+00:00,130.6788,130.8212,130.818,0,buy
2025-10-24 13:00:38.400000+00:00,130.6278,130.8722,130.5507,0,sell
2025-10-24 13:00:39.200000+00:00,130.666,130.834,130.7692,0,buy
2025-10-24 13:00:40+00:00,130.6353,130.8647,130.7248,0,sell
2025-10-24 13:00:40.800000+00:00,130.6996,130.8004,130.8107,0,buy
2025-10-24 13:00:41.600000+00:00,130.664,130.836,130.6434,0,sell
2025-10-24 13:00:42.400000+00:00,130.6684,130.8316,130.6012,0,sell
2025-10-24 13:00:43.200000+00:00,130.6685,130.8315,130.6727,0,sell
2025-10-24 13:00:44+00:00,130.6468,130.8532,130.7555,0,buy
2025-10-24 13:00:44.800000+00:00,130.6487,130.8513,130.9599,0,buy
2025-10-24 13:00:45.600000+00:00,130.6604,130.8396,130.8686,0,buy
2025-10-24 13:00:46.400000+00:00,130.6653,130.8347,130.7533,0,sell
2025-10-24 13:00:47.200000+00:00,130.6615,130.8385,130.7209,0,sell
2025-10-24 13:00:48+00:00,130.6707,130.8293,130.6726,0,sell
2025-10-24 13:00:48.800000+00:00,130.6584,130.8416,130.5654,0,sell
2025-10-24 13:00:49.600000+00:00,130.635,130.865,130.762,0,buy
2025-10-24 13:00:50.400000+00:00,130.6387,130.8613,130.7565,0,buy
2025-10-24 13:00:51.200000+00:00,130.67,130.83,130.7869,0,sell
2025-10-24 13:00:52+00:00,130.6481,130.8519,130.8268,0,buy
2025-10-24 13:00:52.800000+00:00,130.6779,130.8221,130.6276,0,sell
2025-10-24 13:00:53.600000+00:00,130.6341,130.8659,130.6812,0,sell
2025-10-24 13:00:54.400000+00:00,130.6644,130.8356,130.6408,0,sell
2025-10-24 13:00:55.200000+00:00,130.6326,130.8674,130.6833,0,sell
2025-10-24 13:00:56+00:00,130.6546,130.8454,130.9306,0,buy
2025-10-24 13:00:56.800000+00:00,130.6438,130.8562,130.752,0,buy
2025-10-24 13:00:57.600000+00:00,130.6583,130.8417,130.7814,0,sell
2025-10-24 13:00:58.400000+00:00,130.6685,130.8315,130.57,0,sell
2025-10-24 13:00:59.200000+00:00,130.6659,130.8341,130.8526,0,buy
2025-10-24 13:01:00+00:00,130.7647,130.9753,130.7538,83,sell
2025-10-24 13:01:00.789474+00:00,130.7699,130.9771,131.0514,47,buy
2025-10-24 13:01:01.578948+00:00,130.7744,130.9903,131.0045,105,buy
2025-10-24 13:01:02.368422+00:00,130.7768,130.9939,130.8848,82,buy
2025-10-24 13:01:03.157896+00:00,130.8063,130.9712,130.9673,25,buy
2025-10-24 13:01:03.947370+00:00,130.7861,131.003,131.0934,83,buy
2025-10-24 13:01:04.736844+00:00,130.8047,130.9955,130.7489,48,sell
2025-10-24 13:01:05.526318+00:00,130.7868,131.0201,130.9561,76,buy
2025-10-24 13:01:06.315792+00:00,130.8096,131.0039,130.9153,87,sell
2025-10-24 13:01:07.105266+00:00,130.8281,130.9957,131.1152,62,buy
2025-10-24 13:01:07.894740+00:00,130.7942,131.0364,130.8287,83,sell
2025-10-24 13:01:08.684214+00:00,130.8096,131.0354,130.9104,77,buy
2025-10-24 13:01:09.473688+00:00,130.8441,131.0097,130.776,46,sell
2025-10-24 13:01:10.263162+00:00,130.8227,131.036,131.038,107,buy
2025-10-24 13:01:11.052636+00:00,130.8016,131.0721,130.6824,37,sell
2025-10-24 13:01:11.842110+00:00,130.8064,131.0712,130.8836,108,sell
2025-10-24 13:01:12.631584+00:00,130.8496,131.047,130.8961,29,sell
2025-10-24 13:01:13.421058+00:00,130.8508,131.0474,130.7463,59,sell
2025-10-24 13:01:14.210532+00:00,130.8757,131.0322,130.9354,18,buy
2025-10-24 13:01:15.000006+00:00,130.8725,131.0483,131.1506,53,buy
2025-10-24 13:01:15.789480+00:00,130.8608,131.0645,131.1725,22,buy
2025-10-24 13:01:16.578954+00:00,130.8752,131.0626,130.9102,24,sell
2025-10-24 13:01:17.368428+00:00,130.8742,131.0717,131.1972,68,buy
2025-10-24 13:01:18.157902+00:00,130.8468,131.1077,131.1281,72,buy
2025-10-24 13:01:18.947376+00:00,130.8709,131.0912,131.0828,62,buy
2025-10-24 13:01:19.736850+00:00,130.8993,131.0748,130.9172,82,sell
2025-10-24 13:01:20.526324+00:00,130.9059,131.0745,130.7952,44,sell
2025-10-24 13:01:21.315798+00:00,130.8958,131.0993,130.9347,72,sell
2025-10-24 13:01:22.105272+00:00,130.8903,131.1117,131.1776,67,buy
2025-10-24 13:01:22.894746+00:00,130.8758,131.135,131.0632,53,buy
2025-10-24 13:01:23.684220+00:00,130.9427,131.084,131.1874,54,buy
2025-10-24 13:01:24.473694+00:00,130.9197,131.1099,131.0113,91,buy
2025-10-24 13:01:25.263168+00:00,130.9235,131.1166,131.2443,51,buy
2025-10-24 13:01:26.052642+00:00,130.9185,131.132,131.1633,64,buy
2025-10-24 13:01:26.842116+00:00,130.946,131.1114,131.1238,68,buy
2025-10-24 13:01:27.631590+00:00,130.9277,131.141,131.0144,56,buy
2025-10-24 13:01:28.421064+00:00,130.9652,131.1126,131.1502,54,buy
2025-10-24 13:01:29.210538+00:00,130.9093,131.1822,130.7914,8,sell
2025-10-24 13:01:30.000012+00:00,130.9511,131.1452,131.1994,43,buy
2025-10-24 13:01:30.789486+00:00,130.9436,131.1677,131.2361,44,buy
2025-10-24 13:01:31.578960+00:00,130.9716,131.146,131.0902,72,buy
2025-10-24 13:01:32.368434+00:00,130.9718,131.1589,131.021,24,sell
2025-10-24 13:01:33.157908+00:00,130.963,131.1696,130.9012,71,sell
2025-10-24 13:01:33.947382+00:00,130.9758,131.1691,131.2046,83,buy
2025-10-24 13:01:34.736856+00:00,130.96,131.1929,130.9757,52,sell
2025-10-24 13:01:35.526330+00:00,130.9788,131.1823,131.0758,18,sell
2025-10-24 13:01:36.315804+00:00,130.9547,131.2172,130.9649,79,sell
2025-10-24 13:01:37.105278+00:00,130.9939,131.1853,131.1003,88,buy
2025-10-24 13:01:37.894752+00:00,131.0068,131.1825,130.9584,55,sell
2025-10-24 13:01:38.684226+00:00,131.0017,131.198,131.031,34,sell
2025-10-24 13:01:39.473700+00:00,131.0092,131.1952,131.1394,23,buy
2025-10-24 13:01:40.263174+00:00,131.0088,131.2076,130.9747,1,sell
2025-10-24 13:01:41.052648+00:00,131.0354,131.1922,131.2314,48,buy
2025-10-24 13:01:41.842122+00:00,131.0309,131.2103,131.2931,40,buy
2025-10-24 13:01:42.631596+00:00,131.0242,131.2181,131.0898,65,buy
2025-10-24 13:01:43.421070+00:00,130.9824,131.2661,131.3031,93,buy
2025-10-24 13:01:44.210544+00:00,131.0553,131.2057,131.1663,59,buy
2025-10-24 13:01:45.000018+00:00,131.0592,131.2169,131.0356,69,sell
2025-10-24 13:01:45.789492+00:00,131.0457,131.2375,131.1223,54,sell
2025-10-24 13:01:46.578966+00:00,131.0346,131.2572,131.1633,25,buy
2025-10-24 13:01:47.368440+00:00,131.0598,131.2499,130.9724,67,sell
2025-10-24 13:01:48.157914+00:00,131.0513,131.2604,131.0205,107,sell
2025-10-24 13:01:48.947388+00:00,131.0795,131.2438,130.9565,64,sell
2025-10-24 13:01:49.736862+00:00,131.0691,131.2613,131.2031,74,buy
2025-10-24 13:01:50.526336+00:00,131.0858,131.2543,131.2036,60,buy
2025-10-24 13:01:51.315810+00:00,131.0963,131.2528,131.3595,50,buy
2025-10-24 13:01:52.105284+00:00,131.1071,131.2529,131.0733,113,sell
2025-10-24 13:01:52.894758+00:00,131.0869,131.2731,131.2304,33,buy
2025-10-24 13:01:53.684232+00:00,131.094,131.266,131.1749,53,buy
2025-10-24 13:01:54.473706+00:00,131.1012,131.2588,131.2704,86,buy
2025-10-24 13:01:55.263180+00:00,131.1196,131.2404,131.2316,66,buy
2025-10-24 13:01:56.052654+00:00,131.0523,131.3077,131.216,65,buy
2025-10-24 13:01:56.842128+00:00,131.0949,131.2651,131.3256,82,buy
2025-10-24 13:01:57.631602+00:00,131.0793,131.2807,131.1303,66,sell
2025-10-24 13:01:58.421076+00:00,131.0803,131.2797,131.3223,47,buy
2025-10-24 13:01:59.210550+00:00,131.0919,131.268,131.3551,65,buy
2025-10-24 13:02:00+00:00,130.9782,131.2018,131.0318,24,sell
2025-10-24 13:02:00.779221+00:00,130.9998,131.1837,130.9104,13,sell
2025-10-24 13:02:01.558442+00:00,130.9922,131.1978,131.0541,11,sell
2025-10-24 13:02:02.337663+00:00,130.9996,131.1927,131.0836,23,sell
2025-10-24 13:02:03.116884+00:00,130.9955,131.2024,131.3247,27,buy
2025-10-24 13:02:03.896105+00:00,130.9951,131.2092,131.2548,24,buy
2025-10-24 13:02:04.675326+00:00,131.0242,131.1838,131.1321,19,buy
2025-10-24 13:02:05.454547+00:00,130.9894,131.2236,131.2926,35,buy
2025-10-24 13:02:06.233768+00:00,131.0189,131.2002,130.9361,23,sell
2025-10-24 13:02:07.012989+00:00,130.9735,131.2478,131.0691,18,sell
2025-10-24 13:02:07.792210+00:00,131.0221,131.2044,131.2769,21,buy
2025-10-24 13:02:08.571431+00:00,131.0214,131.2103,130.9611,18,sell
2025-10-24 13:02:09.350652+00:00,131.0175,131.2187,131.1146,17,sell
2025-10-24 13:02:10.129873+00:00,131.0134,131.2279,130.9141,24,sell
2025-10-24 13:02:10.909094+00:00,131.0346,131.2093,131.1549,19,sell
2025-10-24 13:02:11.688315+00:00,131.0418,131.2082,131.1375,22,sell
2025-10-24 13:02:12.467536+00:00,131.0102,131.2437,131.363,16,buy
2025-10-24 13:02:13.246757+00:00,131.0214,131.2382,131.2101,17,buy
2025-10-24 13:02:14.025978+00:00,131.039,131.224,131.3513,22,buy
2025-10-24 13:02:14.805199+00:00,131.0504,131.2173,131.167,11,sell
2025-10-24 13:02:15.584420+00:00,131.087,131.1853,131.306,28,buy
2025-10-24 13:02:16.363641+00:00,131.0662,131.2111,130.9877,10,sell
2025-10-24 13:02:17.142862+00:00,131.003,131.2793,131.3716,12,buy
2025-10-24 13:02:17.922083+00:00,131.0566,131.2293,131.1591,20,buy
2025-10-24 13:02:18.701304+00:00,131.0481,131.2432,131.2191,15,buy
2025-10-24 13:02:19.480525+00:00,131.0094,131.2866,130.9869,25,sell
2025-10-24 13:02:20.259746+00:00,131.04,131.2602,130.9601,4,sell
2025-10-24 13:02:21.038967+00:00,131.0354,131.2684,131.0352,7,sell
2025-10-24 13:02:21.818188+00:00,131.0851,131.2225,131.0956,18,sell
2025-10-24 13:02:22.597409+00:00,131.0596,131.2542,131.3367,29,buy
2025-10-24 13:02:23.376630+00:00,131.0491,131.2671,131.3237,18,buy
2025-10-24 13:02:24.155851+00:00,131.0502,131.2742,131.0668,31,sell
2025-10-24 13:02:24.935072+00:00,131.0899,131.2375,131.2048,14,buy
2025-10-24 13:02:25.714293+00:00,131.0944,131.2391,131.1822,20,buy
2025-10-24 13:02:26.493514+00:00,131.0621,131.2736,131.2742,19,buy
2025-10-24 13:02:27.272735+00:00,131.0679,131.2745,131.0388,26,sell
2025-10-24 13:02:28.051956+00:00,131.0354,131.3127,131.2029,22,buy
2025-10-24 13:02:28.831177+00:00,131.0883,131.2636,131.2164,24,buy
2025-10-24 13:02:29.610398+00:00,131.0832,131.2731,131.0385,9,sell
2025-10-24 13:02:30.389619+00:00,131.0744,131.2876,131.1874,19,sell
2025-10-24 13:02:31.168840+00:00,131.0965,131.2685,131.1432,20,buy
2025-10-24 13:02:31.948061+00:00,131.0895,131.2783,131.0078,20,sell
2025-10-24 13:02:32.727282+00:00,131.0904,131.2875,131.1022,32,sell
2025-10-24 13:02:33.506503+00:00,131.0323,131.3475,131.0943,24,sell
2025-10-24 13:02:34.285724+00:00,131.0753,131.3079,131.1661,33,sell
2025-10-24 13:02:35.064945+00:00,131.1291,131.2601,131.1593,17,buy
2025-10-24 13:02:35.844166+00:00,131.1049,131.2876,131.4007,33,buy
2025-10-24 13:02:36.623387+00:00,131.122,131.2766,131.3609,17,buy
2025-10-24 13:02:37.402608+00:00,131.1205,131.2795,131.1222,26,sell
2025-10-24 13:02:38.181829+00:00,131.0765,131.3235,131.1048,3,sell
2025-10-24 13:02:38.961050+00:00,131.0482,131.3518,131.268,22,buy
2025-10-24 13:02:39.740271+00:00,131.0812,131.3188,131.1932,28,buy
2025-10-24 13:02:40.519492+00:00,131.0912,131.3088,131.3448,15,buy
2025-10-24 13:02:41.298713+00:00,131.0776,131.3224,131.1501,12,sell
2025-10-24 13:02:42.077934+00:00,131.1029,131.2971,131.4122,10,buy
2025-10-24 13:02:42.857155+00:00,131.0812,131.3188,131.3655,20,buy
2025-10-24 13:02:43.636376+00:00,131.0948,131.3051,131.0764,25,sell
2025-10-24 13:02:44.415597+00:00,131.0768,131.3232,131.2857,19,buy
2025-10-24 13:02:45.194818+00:00,131.0928,131.3072,131.416,17,buy
2025-10-24 13:02:45.974039+00:00,131.0983,131.3017,131.11,25,sell
2025-10-24 13:02:46.753260+00:00,131.1212,131.2788,131.3819,13,buy
2025-10-24 13:02:47.532481+00:00,131.0848,131.3152,131.0136,14,sell
2025-10-24 13:02:48.311702+00:00,131.0996,131.3004,131.2421,13,buy
2025-10-24 13:02:49.090923+00:00,131.1143,131.2857,131.0413,11,sell
2025-10-24 13:02:49.870144+00:00,131.106,131.294,131.0973,27,sell
2025-10-24 13:02:50.649365+00:00,131.0871,131.3129,130.9873,18,sell
2025-10-24 13:02:51.428586+00:00,131.1054,131.2946,131.1667,21,sell
2025-10-24 13:02:52.207807+00:00,131.1394,131.2606,131.2077,24,sell
2025-10-24 13:02:52.987028+00:00,131.0814,131.3186,131.2412,28,buy
2025-10-24 13:02:53.766249+00:00,131.0875,131.3125,131.2048,27,sell
2025-10-24 13:02:54.545470+00:00,131.0839,131.3161,131.1137,18,sell
2025-10-24 13:02:55.324691+00:00,131.0674,131.3326,131.3124,18,buy
2025-10-24 13:02:56.103912+00:00,131.0901,131.3099,131.167,39,sell
2025-10-24 13:02:56.883133+00:00,131.0972,131.3028,131.3857,31,buy
2025-10-24 13:02:57.662354+00:00,131.096,131.304,131.2687,18,buy
2025-10-24 13:02:58.441575+00:00,131.1009,131.2991,131.1731,24,sell
2025-10-24 13:02:59.220796+00:00,131.091,131.309,131.3562,23,buy
2025-10-24 13:03:00+00:00,130.9927,131.1541,131.184,696,buy
2025-10-24 13:03:00.821918+00:00,130.9831,131.1751,131.2755,541,buy
2025-10-24 13:03:01.643836+00:00,130.9763,131.1791,131.1298,654,buy
2025-10-24 13:03:02.465754+00:00,130.9758,131.1931,131.0704,367,buy
2025-10-24 13:03:03.287672+00:00,130.9835,131.1887,131.1464,632,buy
2025-10-24 13:03:04.109590+00:00,130.9869,131.2126,131.3205,400,buy
2025-10-24 13:03:04.931508+00:00,130.9543,131.2306,131.1313,501,buy
2025-10-24 13:03:05.753426+00:00,131.0146,131.1817,131.098,806,sell
2025-10-24 13:03:06.575344+00:00,130.9939,131.2077,131.2496,406,buy
2025-10-24 13:03:07.397262+00:00,130.9998,131.2167,131.1887,652,buy
2025-10-24 13:03:08.219180+00:00,131.0251,131.1946,131.2832,748,buy
2025-10-24 13:03:09.041098+00:00,131.0054,131.23,131.3092,571,buy
2025-10-24 13:03:09.863016+00:00,131.0286,131.209,130.9253,315,sell
2025-10-24 13:03:10.684934+00:00,130.9981,131.2372,131.3091,238,buy
2025-10-24 13:03:11.506852+00:00,131.0174,131.2394,131.0012,799,sell
2025-10-24 13:03:12.328770+00:00,131.0221,131.2398,131.086,474,sell
2025-10-24 13:03:13.150688+00:00,131.0236,131.2493,131.0218,508,sell
2025-10-24 13:03:13.972606+00:00,131.0293,131.2465,131.0119,474,sell
2025-10-24 13:03:14.794524+00:00,131.0191,131.2647,130.9231,842,sell
2025-10-24 13:03:15.616442+00:00,131.0163,131.2793,131.0892,382,sell
2025-10-24 13:03:16.438360+00:00,131.038,131.254,131.0903,372,sell
2025-10-24 13:03:17.260278+00:00,131.0343,131.2726,131.1021,672,sell
2025-10-24 13:03:18.082196+00:00,131.0622,131.262,131.2357,713,buy
2025-10-24 13:03:18.904114+00:00,131.0592,131.2666,131.3848,622,buy
2025-10-24 13:03:19.726032+00:00,131.0849,131.2581,130.9603,517,sell
2025-10-24 13:03:20.547950+00:00,131.0748,131.2651,131.3473,661,buy
2025-10-24 13:03:21.369868+00:00,131.0868,131.2707,131.2596,754,buy
2025-10-24 13:03:22.191786+00:00,131.1008,131.2573,131.2404,347,buy
2025-10-24 13:03:23.013704+00:00,131.1064,131.2666,131.0029,608,sell
2025-10-24 13:03:23.835622+00:00,131.0803,131.2898,131.2067,399,sell
2025-10-24 13:03:24.657540+00:00,131.0845,131.2927,131.3211,710,buy
2025-10-24 13:03:25.479458+00:00,131.1271,131.2505,131.2174,431,buy
2025-10-24 13:03:26.301376+00:00,131.0999,131.2907,131.0276,352,sell
2025-10-24 13:03:27.123294+00:00,131.0838,131.3086,131.3203,630,buy
2025-10-24 13:03:27.945212+00:00,131.1064,131.295,131.0015,583,sell
2025-10-24 13:03:28.767130+00:00,131.1098,131.3062,131.2123,79,buy
2025-10-24 13:03:29.589048+00:00,131.111,131.3247,131.3124,1001,buy
2025-10-24 13:03:30.410966+00:00,131.0872,131.3406,131.2229,189,buy
2025-10-24 13:03:31.232884+00:00,131.0966,131.3556,131.3905,660,buy
2025-10-24 13:03:32.054802+00:00,131.1002,131.3422,131.242,139,buy
2025-10-24 13:03:32.876720+00:00,131.1307,131.3226,131.2159,726,buy
2025-10-24 13:03:33.698638+00:00,131.1039,131.3621,131.45,436,buy
2025-10-24 13:03:34.520556+00:00,131.1389,131.3514,131.3294,302,buy
2025-10-24 13:03:35.342474+00:00,131.1498,131.3375,131.4675,569,buy
2025-10-24 13:03:36.164392+00:00,131.1267,131.3733,131.3665,536,buy
2025-10-24 13:03:36.986310+00:00,131.1525,131.3475,131.4541,722,buy
2025-10-24 13:03:37.808228+00:00,131.1533,131.3467,131.3939,684,buy
2025-10-24 13:03:38.630146+00:00,131.1043,131.3957,131.2817,425,buy
2025-10-24 13:03:39.452064+00:00,131.1356,131.3644,131.0073,384,sell
2025-10-24 13:03:40.273982+00:00,131.1475,131.3525,131.3423,720,buy
2025-10-24 13:03:41.095900+00:00,131.1638,131.3362,131.1511,146,sell
2025-10-24 13:03:41.917818+00:00,131.164,131.336,131.0479,796,sell
2025-10-24 13:03:42.739736+00:00,131.1925,131.3075,131.2799,650,sell
2025-10-24 13:03:43.561654+00:00,131.1936,131.3064,131.1036,469,sell
2025-10-24 13:03:44.383572+00:00,131.1404,131.3596,131.3492,328,buy
2025-10-24 13:03:45.205490+00:00,131.1497,131.3503,131.1819,639,sell
2025-10-24 13:03:46.027408+00:00,131.1263,131.3737,131.2612,314,buy
2025-10-24 13:03:46.849326+00:00,131.198,131.302,131.2823,830,sell
2025-10-24 13:03:47.671244+00:00,131.1482,131.3518,131.1217,657,sell
2025-10-24 13:03:48.493162+00:00,131.1592,131.3408,131.4298,418,buy
2025-10-24 13:03:49.315080+00:00,131.1295,131.3705,131.3717,565,buy
2025-10-24 13:03:50.136998+00:00,131.1504,131.3496,131.2116,111,sell
2025-10-24 13:03:50.958916+00:00,131.1572,131.3428,131.4687,576,buy
2025-10-24 13:03:51.780834+00:00,131.1629,131.3371,131.1145,552,sell
2025-10-24 13:03:52.602752+00:00,131.1164,131.3836,131.1612,746,sell
2025-10-24 13:03:53.424670+00:00,131.1227,131.3773,131.1942,318,sell
2025-10-24 13:03:54.246588+00:00,131.1545,131.3455,131.1087,219,sell
2025-10-24 13:03:55.068506+00:00,131.1452,131.3548,131.3653,302,buy
2025-10-24 13:03:55.890424+00:00,131.1468,131.3532,131.1005,659,sell
2025-10-24 13:03:56.712342+00:00,131.1514,131.3486,131.408,274,buy
2025-10-24 13:03:57.534260+00:00,131.154,131.346,131.277,678,buy
2025-10-24 13:03:58.356178+00:00,131.1617,131.3383,131.4053,695,buy
2025-10-24 13:03:59.178096+00:00,131.1143,131.3857,131.1602,676,sell
2025-10-24 13:04:00+00:00,131.341,131.5577,131.3769,61,sell
2025-10-24 13:04:00.833333+00:00,131.3552,131.5506,131.2966,39,sell
2025-10-24 13:04:01.666666+00:00,131.3462,131.5757,131.707,47,buy
2025-10-24 13:04:02.499999+00:00,131.3672,131.5655,131.4857,87,sell
2025-10-24 13:04:03.333332+00:00,131.3621,131.5817,131.5313,86,buy
2025-10-24 13:04:04.166665+00:00,131.4134,131.5423,131.4556,71,buy
2025-10-24 13:04:04.999998+00:00,131.3879,131.5711,131.475,59,buy
2025-10-24 13:04:05.833331+00:00,131.4233,131.5526,131.435,22,buy
2025-10-24 13:04:06.666664+00:00,131.394,131.5922,131.7138,42,buy
2025-10-24 13:04:07.499997+00:00,131.366,131.6374,131.5686,22,buy
2025-10-24 13:04:08.333330+00:00,131.3876,131.6119,131.4974,112,sell
2025-10-24 13:04:09.166663+00:00,131.4166,131.5975,131.5136,52,buy
2025-10-24 13:04:09.999996+00:00,131.4228,131.5968,131.4854,40,buy
2025-10-24 13:04:10.833329+00:00,131.4065,131.6266,131.6284,91,buy
2025-10-24 13:04:11.666662+00:00,131.4185,131.6381,131.7323,65,buy
2025-10-24 13:04:12.499995+00:00,131.4701,131.5915,131.7088,60,buy
2025-10-24 13:04:13.333328+00:00,131.4572,131.6196,131.5328,17,sell
2025-10-24 13:04:14.166661+00:00,131.4608,131.6257,131.6541,80,buy
2025-10-24 13:04:14.999994+00:00,131.4476,131.6455,131.4644,83,sell
2025-10-24 13:04:15.833327+00:00,131.4272,131.6772,131.5909,55,buy
2025-10-24 13:04:16.666660+00:00,131.4486,131.6715,131.4819,71,sell
2025-10-24 13:04:17.499993+00:00,131.4645,131.6687,131.7391,2,buy
2025-10-24 13:04:18.333326+00:00,131.4384,131.6986,131.5532,45,sell
2025-10-24 13:04:19.166659+00:00,131.4772,131.6862,131.5993,91,buy
2025-10-24 13:04:19.999992+00:00,131.4848,131.6717,131.6093,49,sell
2025-10-24 13:04:20.833325+00:00,131.493,131.6769,131.518,11,sell
2025-10-24 13:04:21.666658+00:00,131.4958,131.6943,131.6326,62,buy
2025-10-24 13:04:22.499991+00:00,131.4768,131.7176,131.8479,73,buy
2025-10-24 13:04:23.333324+00:00,131.5028,131.6998,131.4627,60,sell
2025-10-24 13:04:24.166657+00:00,131.4895,131.7141,131.5131,35,sell
2025-10-24 13:04:24.999990+00:00,131.4933,131.7255,131.6019,48,buy
2025-10-24 13:04:25.833323+00:00,131.5304,131.7073,131.7801,98,buy
2025-10-24 13:04:26.666656+00:00,131.5017,131.7472,131.4444,68,sell
2025-10-24 13:04:27.499989+00:00,131.5233,131.7401,131.6497,16,sell
2025-10-24 13:04:28.333322+00:00,131.5265,131.74,131.6124,72,buy
2025-10-24 13:04:29.166655+00:00,131.5224,131.7601,131.5788,40,sell
2025-10-24 13:04:29.999988+00:00,131.5267,131.7595,131.8495,61,buy
2025-10-24 13:04:30.833321+00:00,131.5588,131.7307,131.8328,40,buy
2025-10-24 13:04:31.666654+00:00,131.56,131.7503,131.8333,73,buy
2025-10-24 13:04:32.499987+00:00,131.5854,131.7409,131.6063,72,sell
2025-10-24 13:04:33.333320+00:00,131.5623,131.7773,131.6544,84,buy
2025-10-24 13:04:34.166653+00:00,131.5914,131.7571,131.5313,97,sell
2025-10-24 13:04:34.999986+00:00,131.593,131.7554,131.5974,79,sell
2025-10-24 13:04:35.833319+00:00,131.5589,131.8138,131.5819,102,sell
2025-10-24 13:04:36.666652+00:00,131.5966,131.7834,131.6453,75,sell
2025-10-24 13:04:37.499985+00:00,131.5686,131.8114,131.5043,31,sell
2025-10-24 13:04:38.333318+00:00,131.6139,131.7661,131.5651,128,sell
2025-10-24 13:04:39.166651+00:00,131.6113,131.7687,131.8301,52,buy
2025-10-24 13:04:39.999984+00:00,131.593,131.787,131.4835,90,sell
2025-10-24 13:04:40.833317+00:00,131.6059,131.7741,131.7037,75,sell
2025-10-24 13:04:41.666650+00:00,131.5822,131.7978,131.6655,47,sell
2025-10-24 13:04:42.499983+00:00,131.592,131.7881,131.7889,77,buy
2025-10-24 13:04:43.333316+00:00,131.5887,131.7913,131.6785,39,sell
2025-10-24 13:04:44.166649+00:00,131.5742,131.8058,131.6105,35,sell
2025-10-24 13:04:44.999982+00:00,131.5872,131.7928,131.5202,48,sell
2025-10-24 13:04:45.833315+00:00,131.6127,131.7673,131.708,63,sell
2025-10-24 13:04:46.666648+00:00,131.5737,131.8063,131.8685,75,buy
2025-10-24 13:04:47.499981+00:00,131.6032,131.7768,131.4807,56,sell
2025-10-24 13:04:48.333314+00:00,131.5817,131.7983,131.6094,97,sell
2025-10-24 13:04:49.166647+00:00,131.5762,131.8038,131.749,111,buy
2025-10-24 13:04:49.999980+00:00,131.569,131.811,131.8208,73,buy
2025-10-24 13:04:50.833313+00:00,131.5892,131.7908,131.6894,84,sell
2025-10-24 13:04:51.666646+00:00,131.5972,131.7828,131.6963,112,sell
2025-10-24 13:04:52.499979+00:00,131.5824,131.7976,131.7194,88,buy
2025-10-24 13:04:53.333312+00:00,131.6251,131.7549,131.5184,25,sell
2025-10-24 13:04:54.166645+00:00,131.6065,131.7735,131.6835,111,buy
2025-10-24 13:04:54.999978+00:00,131.5827,131.7973,131.5934,81,sell
2025-10-24 13:04:55.833311+00:00,131.6258,131.7542,131.634,87,buy
2025-10-24 13:04:56.666644+00:00,131.5789,131.8011,131.5511,137,sell
2025-10-24 13:04:57.499977+00:00,131.6193,131.7607,131.6975,86,buy
2025-10-24 13:04:58.333310+00:00,131.618,131.762,131.5277,63,sell
2025-10-24 13:04:59.166643+00:00,131.6027,131.7773,131.8,78,buy
2025-10-24 13:05:00+00:00,131.5997,131.7982,131.7503,71,buy
2025-10-24 13:05:00.869565+00:00,131.5963,131.8091,131.7353,127,buy
2025-10-24 13:05:01.739130+00:00,131.591,131.8143,131.6877,124,buy
2025-10-24 13:05:02.608695+00:00,131.5964,131.8081,131.7462,29,buy
2025-10-24 13:05:03.478260+00:00,131.588,131.8192,131.6579,50,sell
2025-10-24 13:05:04.347825+00:00,131.5853,131.8343,131.848,150,buy
2025-10-24 13:05:05.217390+00:00,131.5545,131.8617,131.904,163,buy
2025-10-24 13:05:06.086955+00:00,131.5893,131.833,131.6191,85,sell
2025-10-24 13:05:06.956520+00:00,131.6164,131.8074,131.824,136,buy
2025-10-24 13:05:07.826085+00:00,131.6079,131.814,131.6016,53,sell
2025-10-24 13:05:08.695650+00:00,131.6259,131.806,131.8444,148,buy
2025-10-24 13:05:09.565215+00:00,131.6055,131.8297,131.5844,139,sell
2025-10-24 13:05:10.434780+00:00,131.6018,131.838,131.6852,168,sell
2025-10-24 13:05:11.304345+00:00,131.6479,131.7891,131.5247,123,sell
2025-10-24 13:05:12.173910+00:00,131.6127,131.826,131.7647,188,buy
2025-10-24 13:05:13.043475+00:00,131.6411,131.7972,131.5869,115,sell
2025-10-24 13:05:13.913040+00:00,131.6374,131.8045,131.7197,78,sell
2025-10-24 13:05:14.782605+00:00,131.6197,131.8235,131.6456,151,sell
2025-10-24 13:05:15.652170+00:00,131.6413,131.8081,131.7387,83,buy
2025-10-24 13:05:16.521735+00:00,131.626,131.8301,131.7806,138,buy
2025-10-24 13:05:17.391300+00:00,131.6279,131.8304,131.8355,94,buy
2025-10-24 13:05:18.260865+00:00,131.5955,131.8612,131.9594,39,buy
2025-10-24 13:05:19.130430+00:00,131.6305,131.831,131.5203,150,sell
2025-10-24 13:05:19.999995+00:00,131.6406,131.8258,131.7488,19,sell
2025-10-24 13:05:20.869560+00:00,131.6537,131.8132,131.757,133,buy
2025-10-24 13:05:21.739125+00:00,131.6152,131.8569,131.778,113,buy
2025-10-24 13:05:22.608690+00:00,131.6495,131.8246,131.8509,172,buy
2025-10-24 13:05:23.478255+00:00,131.6585,131.8175,131.658,85,sell
2025-10-24 13:05:24.347820+00:00,131.6236,131.8576,131.9307,107,buy
2025-10-24 13:05:25.217385+00:00,131.6366,131.8533,131.5786,137,sell
2025-10-24 13:05:26.086950+00:00,131.6507,131.8375,131.9662,129,buy
2025-10-24 13:05:26.956515+00:00,131.6248,131.861,131.7335,254,buy
2025-10-24 13:05:27.826080+00:00,131.656,131.8371,131.6787,45,sell
2025-10-24 13:05:28.695645+00:00,131.6217,131.8738,131.7735,226,buy
2025-10-24 13:05:29.565210+00:00,131.6323,131.8671,131.8922,93,buy
2025-10-24 13:05:30.434775+00:00,131.6552,131.8409,131.6692,151,sell
2025-10-24 13:05:31.304340+00:00,131.6643,131.8384,131.7612,211,sell
2025-10-24 13:05:32.173905+00:00,131.6498,131.857,131.7862,61,buy
2025-10-24 13:05:33.043470+00:00,131.659,131.8427,131.6963,173,sell
2025-10-24 13:05:33.913035+00:00,131.6732,131.8383,131.656,68,sell
2025-10-24 13:05:34.782600+00:00,131.6757,131.8348,131.6204,129,sell
2025-10-24 13:05:35.652165+00:00,131.6595,131.8548,131.8749,112,buy
2025-10-24 13:05:36.521730+00:00,131.6447,131.8721,131.5913,41,sell
2025-10-24 13:05:37.391295+00:00,131.63,131.8893,131.8074,52,buy
2025-10-24 13:05:38.260860+00:00,131.6371,131.8841,131.6986,84,sell
2025-10-24 13:05:39.130425+00:00,131.6852,131.839,131.6548,98,sell
2025-10-24 13:05:39.999990+00:00,131.664,131.8663,131.7893,193,buy
2025-10-24 13:05:40.869555+00:00,131.6756,131.85,131.9241,41,buy
2025-10-24 13:05:41.739120+00:00,131.6913,131.8454,131.8994,187,buy
2025-10-24 13:05:42.608685+00:00,131.6594,131.8837,131.7136,51,sell
2025-10-24 13:05:43.478250+00:00,131.6794,131.8665,131.6133,64,sell
2025-10-24 13:05:44.347815+00:00,131.6468,131.8956,131.6083,73,sell
2025-10-24 13:05:45.217380+00:00,131.6563,131.8872,131.7648,166,sell
2025-10-24 13:05:46.086945+00:00,131.6404,131.909,131.8034,165,buy
2025-10-24 13:05:46.956510+00:00,131.6799,131.8704,131.557,157,sell
2025-10-24 13:05:47.826075+00:00,131.6692,131.8882,131.996,2,buy
2025-10-24 13:05:48.695640+00:00,131.6922,131.8676,131.9907,175,buy
2025-10-24 13:05:49.565205+00:00,131.6532,131.9127,131.742,177,sell
2025-10-24 13:05:50.434770+00:00,131.6799,131.8844,131.9356,58,buy
2025-10-24 13:05:51.304335+00:00,131.6615,131.9037,131.6959,21,sell
2025-10-24 13:05:52.173900+00:00,131.7017,131.8702,131.8764,86,buy
2025-10-24 13:05:53.043465+00:00,131.7184,131.859,131.7772,238,buy
2025-10-24 13:05:53.913030+00:00,131.6713,131.9037,131.8863,160,buy
2025-10-24 13:05:54.782595+00:00,131.6784,131.9025,131.5866,72,sell
2025-10-24 13:05:55.652160+00:00,131.6991,131.8796,131.9259,73,buy
2025-10-24 13:05:56.521725+00:00,131.6799,131.902,131.8935,72,buy
2025-10-24 13:05:57.391290+00:00,131.658,131.9286,131.7208,104,sell
2025-10-24 13:05:58.260855+00:00,131.7661,131.8226,131.7279,134,buy
2025-10-24 13:05:59.130420+00:00,131.7167,131.8749,131.781,105,sell
2025-10-24 13:06:00+00:00,131.7198,131.9805,132.0886,89,buy
2025-10-24 13:06:00.697674+00:00,131.7713,131.9286,131.7546,184,sell
2025-10-24 13:06:01.395348+00:00,131.7473,131.9522,131.7895,135,sell
2025-10-24 13:06:02.093022+00:00,131.7069,131.9927,131.9389,102,buy
2025-10-24 13:06:02.790696+00:00,131.7441,131.9597,131.8952,176,buy
2025-10-24 13:06:03.488370+00:00,131.7326,131.9711,132.0808,169,buy
2025-10-24 13:06:04.186044+00:00,131.7226,131.9783,132.0624,111,buy
2025-10-24 13:06:04.883718+00:00,131.7797,131.9239,131.9647,145,buy
2025-10-24 13:06:05.581392+00:00,131.7543,131.9475,131.9943,93,buy
2025-10-24 13:06:06.279066+00:00,131.7244,131.9797,131.5929,104,sell
2025-10-24 13:06:06.976740+00:00,131.7115,131.992,132.1215,174,buy
2025-10-24 13:06:07.674414+00:00,131.7755,131.9291,132.0284,173,buy
2025-10-24 13:06:08.372088+00:00,131.7672,131.9362,131.944,222,buy
2025-10-24 13:06:09.069762+00:00,131.7251,131.9793,131.6188,164,sell
2025-10-24 13:06:09.767436+00:00,131.7351,131.9721,132.0182,165,buy
2025-10-24 13:06:10.465110+00:00,131.782,131.928,131.8205,168,sell
2025-10-24 13:06:11.162784+00:00,131.7466,131.96,131.8104,58,sell
2025-10-24 13:06:11.860458+00:00,131.7821,131.9232,131.6909,147,sell
2025-10-24 13:06:12.558132+00:00,131.756,131.9505,131.9329,89,buy
2025-10-24 13:06:13.255806+00:00,131.767,131.9413,132.0698,207,buy
2025-10-24 13:06:13.953480+00:00,131.749,131.9611,131.6509,84,sell
2025-10-24 13:06:14.651154+00:00,131.7653,131.9444,131.6551,159,sell
2025-10-24 13:06:15.348828+00:00,131.7449,131.9643,131.8835,86,buy
2025-10-24 13:06:16.046502+00:00,131.7397,131.97,132.0091,100,buy
2025-10-24 13:06:16.744176+00:00,131.7381,131.9731,131.9831,185,buy
2025-10-24 13:06:17.441850+00:00,131.7668,131.9427,131.8681,97,buy
2025-10-24 13:06:18.139524+00:00,131.7682,131.9436,131.6852,254,sell
2025-10-24 13:06:18.837198+00:00,131.7587,131.9519,131.8847,194,sell
2025-10-24 13:06:19.534872+00:00,131.7685,131.9441,132.0512,215,buy
2025-10-24 13:06:20.232546+00:00,131.7512,131.9585,131.7687,120,sell
2025-10-24 13:06:20.930220+00:00,131.7357,131.9741,131.8232,90,sell
2025-10-24 13:06:21.627894+00:00,131.7629,131.9499,132.0205,121,buy
2025-10-24 13:06:22.325568+00:00,131.7708,131.9416,132.0652,203,buy
2025-10-24 13:06:23.023242+00:00,131.7597,131.9541,131.782,67,sell
2025-10-24 13:06:23.720916+00:00,131.7631,131.9504,131.8356,123,sell
2025-10-24 13:06:24.418590+00:00,131.7764,131.9423,131.8472,71,sell
2025-10-24 13:06:25.116264+00:00,131.7285,131.9866,131.9572,51,buy
2025-10-24 13:06:25.813938+00:00,131.7616,131.9522,132.0612,91,buy
2025-10-24 13:06:26.511612+00:00,131.7757,131.9386,131.9929,151,buy
2025-10-24 13:06:27.209286+00:00,131.7586,131.9555,131.724,172,sell
2025-10-24 13:06:27.906960+00:00,131.7367,131.9789,132.0577,124,buy
2025-10-24 13:06:28.604634+00:00,131.7513,131.9657,132.0887,149,buy
2025-10-24 13:06:29.302308+00:00,131.7905,131.9261,132.025,155,buy
2025-10-24 13:06:29.999982+00:00,131.7299,131.9841,132.0057,104,buy
2025-10-24 13:06:30.697656+00:00,131.7634,131.9559,131.6982,182,sell
2025-10-24 13:06:31.395330+00:00,131.7907,131.9249,131.9071,258,sell
2025-10-24 13:06:32.093004+00:00,131.7137,132.0011,131.7107,207,sell
2025-10-24 13:06:32.790678+00:00,131.7386,131.9802,131.6326,30,sell
2025-10-24 13:06:33.488352+00:00,131.7826,131.9357,131.9791,138,buy
2025-10-24 13:06:34.186026+00:00,131.7617,131.9592,131.8368,109,buy
2025-10-24 13:06:34.883700+00:00,131.7135,132.0032,131.9318,153,buy
2025-10-24 13:06:35.581374+00:00,131.7758,131.9453,131.818,209,sell
2025-10-24 13:06:36.279048+00:00,131.7333,131.9819,131.9495,173,buy
2025-10-24 13:06:36.976722+00:00,131.7797,131.9397,131.9726,124,buy
2025-10-24 13:06:37.674396+00:00,131.7641,131.9557,132.0789,58,buy
2025-10-24 13:06:38.372070+00:00,131.7614,131.9634,131.9366,270,buy
2025-10-24 13:06:39.069744+00:00,131.7654,131.9557,131.7039,167,sell
2025-10-24 13:06:39.767418+00:00,131.7288,131.9933,131.9749,290,buy
2025-10-24 13:06:40.465092+00:00,131.7658,131.9544,131.8355,216,buy
2025-10-24 13:06:41.162766+00:00,131.7669,131.9592,131.9423,210,buy
2025-10-24 13:06:41.860440+00:00,131.754,131.968,131.9569,273,buy
2025-10-24 13:06:42.558114+00:00,131.7622,131.9587,132.0722,55,buy
2025-10-24 13:06:43.255788+00:00,131.7362,131.9859,132.0137,77,buy
2025-10-24 13:06:43.953462+00:00,131.7654,131.9578,131.9709,125,buy
2025-10-24 13:06:44.651136+00:00,131.7735,131.9526,131.8037,77,sell
2025-10-24 13:06:45.348810+00:00,131.7112,132.012,131.839,80,sell
2025-10-24 13:06:46.046484+00:00,131.7754,131.9517,131.7737,247,sell
2025-10-24 13:06:46.744158+00:00,131.7099,132.0155,131.7413,142,sell
2025-10-24 13:06:47.441832+00:00,131.767,131.961,131.858,194,buy
2025-10-24 13:06:48.139506+00:00,131.7441,131.9806,131.6373,65,sell
2025-10-24 13:06:48.837180+00:00,131.7429,131.9838,131.914,140,buy
2025-10-24 13:06:49.534854+00:00,131.7992,131.9282,132.0017,210,buy
2025-10-24 13:06:50.232528+00:00,131.7736,131.9514,131.8313,128,buy
2025-10-24 13:06:50.930202+00:00,131.7607,131.969,131.9003,167,buy
2025-10-24 13:06:51.627876+00:00,131.7621,131.9634,132.0337,197,buy
2025-10-24 13:06:52.325550+00:00,131.7338,131.9931,132.0319,148,buy
2025-10-24 13:06:53.023224+00:00,131.7557,131.9712,131.8567,148,sell
2025-10-24 13:06:53.720898+00:00,131.7652,131.9639,132.0714,118,buy
2025-10-24 13:06:54.418572+00:00,131.7439,131.987,131.7862,104,sell
2025-10-24 13:06:55.116246+00:00,131.7349,131.9946,131.8322,79,sell
2025-10-24 13:06:55.813920+00:00,131.7786,131.9489,131.8239,200,sell
2025-10-24 13:06:56.511594+00:00,131.7946,131.9381,131.9616,216,buy
2025-10-24 13:06:57.209268+00:00,131.7419,131.9903,132.1176,214,buy
2025-10-24 13:06:57.906942+00:00,131.7828,131.9471,131.864,241,sell
2025-10-24 13:06:58.604616+00:00,131.7549,131.978,131.779,173,sell
2025-10-24 13:06:59.302290+00:00,131.7567,131.9736,131.6288,206,sell
2025-10-24 13:07:00+00:00,131.7628,131.9387,131.8424,39,buy
2025-10-24 13:07:00.923077+00:00,131.7304,131.9793,131.6091,43,sell
2025-10-24 13:07:01.846154+00:00,131.7341,131.984,132.0849,40,buy
2025-10-24 13:07:02.769231+00:00,131.7572,131.9698,132.0754,24,buy
2025-10-24 13:07:03.692308+00:00,131.7806,131.9516,131.6852,29,sell
2025-10-24 13:07:04.615385+00:00,131.7605,131.9821,131.8488,63,sell
2025-10-24 13:07:05.538462+00:00,131.7897,131.966,131.9452,69,buy
2025-10-24 13:07:06.461539+00:00,131.7666,131.996,132.0488,23,buy
2025-10-24 13:07:07.384616+00:00,131.7877,131.9853,131.9573,24,buy
2025-10-24 13:07:08.307693+00:00,131.7733,132.0092,131.7544,58,sell
2025-10-24 13:07:09.230770+00:00,131.7749,132.0126,132.0909,63,buy
2025-10-24 13:07:10.153847+00:00,131.81,131.9918,131.8787,49,sell
2025-10-24 13:07:11.076924+00:00,131.7749,132.0355,132.1579,58,buy
2025-10-24 13:07:12.000001+00:00,131.836,131.9822,131.9653,24,sell
2025-10-24 13:07:12.923078+00:00,131.8085,132.02,131.8563,46,sell
2025-10-24 13:07:13.846155+00:00,131.8023,132.0329,131.7892,68,sell
2025-10-24 13:07:14.769232+00:00,131.8249,132.0192,132.0263,43,buy
2025-10-24 13:07:15.692309+00:00,131.8129,132.0414,132.144,50,buy
2025-10-24 13:07:16.615386+00:00,131.8492,132.0098,131.9512,37,buy
2025-10-24 13:07:17.538463+00:00,131.8193,132.0518,131.8322,40,sell
2025-10-24 13:07:18.461540+00:00,131.861,132.0221,131.9427,28,sell
2025-10-24 13:07:19.384617+00:00,131.8547,132.0336,131.9486,29,sell
2025-10-24 13:07:20.307694+00:00,131.8711,132.0286,132.0327,36,buy
2025-10-24 13:07:21.230771+00:00,131.8143,132.0919,132.0193,35,buy
2025-10-24 13:07:22.153848+00:00,131.856,132.0589,131.8789,52,sell
2025-10-24 13:07:23.076925+00:00,131.8646,132.0629,131.7568,37,sell
2025-10-24 13:07:24.000002+00:00,131.8267,132.1066,131.9124,55,sell
2025-10-24 13:07:24.923079+00:00,131.8784,132.0666,132.1092,61,buy
2025-10-24 13:07:25.846156+00:00,131.8472,132.1064,132.0684,42,buy
2025-10-24 13:07:26.769233+00:00,131.8955,132.0702,131.9979,45,buy
2025-10-24 13:07:27.692310+00:00,131.8729,132.0955,132.1056,52,buy
2025-10-24 13:07:28.615387+00:00,131.9032,132.0737,131.8526,43,sell
2025-10-24 13:07:29.538464+00:00,131.8892,132.098,132.0158,29,buy
2025-10-24 13:07:30.461541+00:00,131.875,132.124,132.0152,48,buy
2025-10-24 13:07:31.384618+00:00,131.896,132.1094,131.9714,59,sell
2025-10-24 13:07:32.307695+00:00,131.9147,132.0992,132.1756,63,buy
2025-10-24 13:07:33.230772+00:00,131.8987,132.1253,131.8484,14,sell
2025-10-24 13:07:34.153849+00:00,131.9267,132.109,132.2262,49,buy
2025-10-24 13:07:35.076926+00:00,131.9201,132.1199,132.1569,40,buy
2025-10-24 13:07:36.000003+00:00,131.9198,132.1283,131.9595,12,sell
2025-10-24 13:07:36.923080+00:00,131.928,132.1318,131.9898,43,sell
2025-10-24 13:07:37.846157+00:00,131.9438,132.1162,132.0233,57,buy
2025-10-24 13:07:38.769234+00:00,131.9113,132.1487,131.8518,37,sell
2025-10-24 13:07:39.692311+00:00,131.9342,132.1258,132.1455,47,buy
2025-10-24 13:07:40.615388+00:00,131.9406,132.1194,132.0735,38,buy
2025-10-24 13:07:41.538465+00:00,131.9117,132.1483,132.2678,49,buy
2025-10-24 13:07:42.461542+00:00,131.9571,132.1029,132.2215,33,buy
2025-10-24 13:07:43.384619+00:00,131.9422,132.1178,132.056,56,buy
2025-10-24 13:07:44.307696+00:00,131.9209,132.1391,131.8788,65,sell
2025-10-24 13:07:45.230773+00:00,131.9202,132.1398,131.8829,40,sell
2025-10-24 13:07:46.153850+00:00,131.9179,132.1421,131.865,55,sell
2025-10-24 13:07:47.076927+00:00,131.9375,132.1225,132.1467,56,buy
2025-10-24 13:07:48.000004+00:00,131.9542,132.1058,132.0322,58,sell
2025-10-24 13:07:48.923081+00:00,131.9181,132.1419,132.2408,23,buy
2025-10-24 13:07:49.846158+00:00,131.9458,132.1142,132.1817,81,buy
2025-10-24 13:07:50.769235+00:00,131.9301,132.1299,132.0439,30,sell
2025-10-24 13:07:51.692312+00:00,131.9346,132.1254,132.173,93,buy
2025-10-24 13:07:52.615389+00:00,131.9072,132.1528,132.1395,70,buy
2025-10-24 13:07:53.538466+00:00,131.9341,132.1259,132.201,81,buy
2025-10-24 13:07:54.461543+00:00,131.8819,132.1781,131.8874,79,sell
2025-10-24 13:07:55.384620+00:00,131.9064,132.1536,131.9956,51,sell
2025-10-24 13:07:56.307697+00:00,131.9321,132.1279,131.9034,67,sell
2025-10-24 13:07:57.230774+00:00,131.9674,132.0926,131.9668,59,buy
2025-10-24 13:07:58.153851+00:00,131.9432,132.1168,132.1636,25,buy
2025-10-24 13:07:59.076928+00:00,131.9313,132.1287,132.2509,57,buy
2025-10-24 13:08:00+00:00,131.9529,132.2111,131.879,35,sell
2025-10-24 13:08:00.909091+00:00,131.9269,132.2198,132.2933,64,buy
2025-10-24 13:08:01.818182+00:00,131.9507,132.1851,132.3147,31,buy
2025-10-24 13:08:02.727273+00:00,131.9646,132.1507,132.0158,56,sell
2025-10-24 13:08:03.636364+00:00,131.9668,132.1338,132.1339,21,buy
2025-10-24 13:08:04.545455+00:00,131.9252,132.1639,131.944,43,sell
2025-10-24 13:08:05.454546+00:00,131.9438,132.1318,131.9264,37,sell
2025-10-24 13:08:06.363637+00:00,131.9214,132.1352,131.8648,21,sell
2025-10-24 13:08:07.272728+00:00,131.9164,132.1256,132.0667,55,buy
2025-10-24 13:08:08.181819+00:00,131.8943,132.1315,132.1341,61,buy
2025-10-24 13:08:09.090910+00:00,131.9457,132.0665,132.1732,25,buy
2025-10-24 13:08:10.000001+00:00,131.9384,132.0535,132.1749,23,buy
2025-10-24 13:08:10.909092+00:00,131.8645,132.1143,131.8204,36,sell
2025-10-24 13:08:11.818183+00:00,131.8811,132.0837,131.8309,47,sell
2025-10-24 13:08:12.727274+00:00,131.8812,132.068,131.8526,57,sell
2025-10-24 13:08:13.636365+00:00,131.8179,132.1181,131.936,64,sell
2025-10-24 13:08:14.545456+00:00,131.8787,132.0498,131.7863,77,sell
2025-10-24 13:08:15.454547+00:00,131.8888,132.0178,132.132,74,buy
2025-10-24 13:08:16.363638+00:00,131.8388,132.0549,131.8322,37,sell
2025-10-24 13:08:17.272729+00:00,131.8115,132.0631,131.8467,58,sell
2025-10-24 13:08:18.181820+00:00,131.8863,131.9812,131.97,51,buy
2025-10-24 13:08:19.090911+00:00,131.8076,132.0407,131.6905,50,sell
2025-10-24 13:08:20.000002+00:00,131.8181,132.0166,131.8805,54,sell
2025-10-24 13:08:20.909093+00:00,131.8148,132.0099,131.9992,63,buy
2025-10-24 13:08:21.818184+00:00,131.7855,132.019,131.8583,95,sell
2025-10-24 13:08:22.727275+00:00,131.8021,131.9956,131.8444,55,sell
2025-10-24 13:08:23.636366+00:00,131.8155,131.9642,131.8575,44,buy
2025-10-24 13:08:24.545457+00:00,131.7657,131.9898,131.8724,22,sell
2025-10-24 13:08:25.454548+00:00,131.7811,131.9671,131.9079,54,sell
2025-10-24 13:08:26.363639+00:00,131.7733,131.9589,131.8824,90,buy
2025-10-24 13:08:27.272730+00:00,131.7899,131.9327,131.8221,49,buy
2025-10-24 13:08:28.181821+00:00,131.7596,131.9421,131.9852,24,buy
2025-10-24 13:08:29.090912+00:00,131.7449,131.945,131.9986,85,buy
2025-10-24 13:08:30.000003+00:00,131.7311,131.9495,131.6894,42,sell
2025-10-24 13:08:30.909094+00:00,131.7501,131.9105,132.0311,60,buy
2025-10-24 13:08:31.818185+00:00,131.7444,131.8971,131.9402,39,buy
2025-10-24 13:08:32.727276+00:00,131.7171,131.9089,131.7034,28,sell
2025-10-24 13:08:33.636367+00:00,131.71,131.9023,131.8276,48,sell
2025-10-24 13:08:34.545458+00:00,131.6826,131.9194,131.6334,57,sell
2025-10-24 13:08:35.454549+00:00,131.6823,131.8983,131.7799,69,sell
2025-10-24 13:08:36.363640+00:00,131.675,131.8955,131.7525,48,sell
2025-10-24 13:08:37.272731+00:00,131.6755,131.8807,131.8684,65,buy
2025-10-24 13:08:38.181822+00:00,131.6762,131.8645,131.5523,54,sell
2025-10-24 13:08:39.090913+00:00,131.633,131.8944,131.6756,41,sell
2025-10-24 13:08:40.000004+00:00,131.6772,131.8334,131.7007,69,sell
2025-10-24 13:08:40.909095+00:00,131.6312,131.8688,131.8535,40,buy
2025-10-24 13:08:41.818186+00:00,131.662,131.838,131.8395,79,buy
2025-10-24 13:08:42.727277+00:00,131.6413,131.8587,131.816,38,buy
2025-10-24 13:08:43.636368+00:00,131.6316,131.8684,131.8468,63,buy
2025-10-24 13:08:44.545459+00:00,131.6337,131.8663,131.5145,34,sell
2025-10-24 13:08:45.454550+00:00,131.6893,131.8107,131.8037,55,buy
2025-10-24 13:08:46.363641+00:00,131.6199,131.8801,131.7311,69,sell
2025-10-24 13:08:47.272732+00:00,131.6769,131.8231,131.8637,69,buy
2025-10-24 13:08:48.181823+00:00,131.6881,131.8119,131.6206,35,sell
2025-10-24 13:08:49.090914+00:00,131.6337,131.8663,131.545,94,sell
2025-10-24 13:08:50.000005+00:00,131.6266,131.8734,131.5818,65,sell
2025-10-24 13:08:50.909096+00:00,131.6325,131.8675,131.9533,33,buy
2025-10-24 13:08:51.818187+00:00,131.6364,131.8636,131.9518,68,buy
2025-10-24 13:08:52.727278+00:00,131.6474,131.8526,131.9521,2,buy
2025-10-24 13:08:53.636369+00:00,131.6526,131.8474,131.8066,77,buy
2025-10-24 13:08:54.545460+00:00,131.6579,131.8421,131.7467,46,sell
2025-10-24 13:08:55.454551+00:00,131.6661,131.8339,131.6908,35,sell
2025-10-24 13:08:56.363642+00:00,131.6481,131.8519,131.5806,36,sell
2025-10-24 13:08:57.272733+00:00,131.628,131.872,131.9734,83,buy
2025-10-24 13:08:58.181824+00:00,131.6589,131.8411,131.6647,15,sell
2025-10-24 13:08:59.090915+00:00,131.6561,131.8439,131.6983,53,sell
2025-10-24 13:09:00+00:00,131.7309,131.9291,131.8528,2,buy
2025-10-24 13:09:00.882353+00:00,131.7401,131.9227,131.8524,4,buy
2025-10-24 13:09:01.764706+00:00,131.7175,131.9493,132.0645,9,buy
2025-10-24 13:09:02.647059+00:00,131.7166,131.9523,131.6272,2,sell
2025-10-24 13:09:03.529412+00:00,131.7435,131.9276,131.7976,8,buy
2025-10-24 13:09:04.411765+00:00,131.7385,131.9361,132.0425,4,buy
2025-10-24 13:09:05.294118+00:00,131.7271,131.9499,131.9204,10,buy
2025-10-24 13:09:06.176471+00:00,131.7464,131.9334,131.8759,9,sell
2025-10-24 13:09:07.058824+00:00,131.7533,131.9308,132.0242,9,buy
2025-10-24 13:09:07.941177+00:00,131.7447,131.9405,131.9008,3,buy
2025-10-24 13:09:08.823530+00:00,131.7338,131.9552,131.9135,5,buy
2025-10-24 13:09:09.705883+00:00,131.7787,131.9135,131.7909,10,sell
2025-10-24 13:09:10.588236+00:00,131.7727,131.9219,131.8157,7,buy
2025-10-24 13:09:11.470589+00:00,131.7366,131.9599,131.6423,8,sell
2025-10-24 13:09:12.352942+00:00,131.7935,131.907,131.9331,13,buy
2025-10-24 13:09:13.235295+00:00,131.7783,131.9244,131.8741,2,buy
2025-10-24 13:09:14.117648+00:00,131.7503,131.9556,131.7279,13,sell
2025-10-24 13:09:15.000001+00:00,131.7584,131.9494,131.9486,5,buy
2025-10-24 13:09:15.882354+00:00,131.7438,131.9683,131.6746,5,sell
2025-10-24 13:09:16.764707+00:00,131.7686,131.9445,131.6579,4,sell
2025-10-24 13:09:17.647060+00:00,131.7657,131.9506,131.6825,11,sell
2025-10-24 13:09:18.529413+00:00,131.7669,131.9533,131.9948,8,buy
2025-10-24 13:09:19.411766+00:00,131.7859,131.9372,131.7713,9,sell
2025-10-24 13:09:20.294119+00:00,131.7833,131.9432,132.0286,9,buy
2025-10-24 13:09:21.176472+00:00,131.7731,131.9565,131.75,10,sell
2025-10-24 13:09:22.058825+00:00,131.7491,131.9825,131.9355,8,buy
2025-10-24 13:09:22.941178+00:00,131.7587,131.9765,131.8621,5,buy
2025-10-24 13:09:23.823531+00:00,131.7695,131.968,131.8578,7,buy
2025-10-24 13:09:24.705884+00:00,131.7667,131.9746,131.8665,5,sell
2025-10-24 13:09:25.588237+00:00,131.7747,131.9667,131.8567,8,sell
2025-10-24 13:09:26.470590+00:00,131.7763,131.9688,132.042,9,buy
2025-10-24 13:09:27.352943+00:00,131.7976,131.9516,131.8353,10,buy
2025-10-24 13:09:28.235296+00:00,131.7715,131.9805,132.0115,7,buy
2025-10-24 13:09:29.117649+00:00,131.7693,131.9853,131.8578,5,sell
2025-10-24 13:09:30.000002+00:00,131.7701,131.9864,131.659,7,sell
2025-10-24 13:09:30.882355+00:00,131.8056,131.9555,131.9802,4,buy
2025-10-24 13:09:31.764708+00:00,131.7921,131.9718,132.0527,7,buy
2025-10-24 13:09:32.647061+00:00,131.8116,131.9539,131.8948,6,sell
2025-10-24 13:09:33.529414+00:00,131.7646,132.0042,132.1126,11,buy
2025-10-24 13:09:34.411767+00:00,131.819,131.9524,131.8562,4,buy
2025-10-24 13:09:35.294120+00:00,131.8034,131.9717,131.7415,8,sell
2025-10-24 13:09:36.176473+00:00,131.8074,131.9704,131.8479,6,buy
2025-10-24 13:09:37.058826+00:00,131.8508,131.9292,131.9278,6,buy
2025-10-24 13:09:37.941179+00:00,131.7728,132.0072,132.0762,9,buy
2025-10-24 13:09:38.823532+00:00,131.7925,131.9874,132.0865,3,buy
2025-10-24 13:09:39.705885+00:00,131.8064,131.9736,131.985,10,buy
2025-10-24 13:09:40.588238+00:00,131.7726,132.0074,131.7525,3,sell
2025-10-24 13:09:41.470591+00:00,131.8148,131.9652,131.8482,6,buy
2025-10-24 13:09:42.352944+00:00,131.7941,131.9859,131.9716,5,buy
2025-10-24 13:09:43.235297+00:00,131.7891,131.9909,132.0056,1,buy
2025-10-24 13:09:44.117650+00:00,131.8084,131.9716,131.7112,8,sell
2025-10-24 13:09:45.000003+00:00,131.8046,131.9754,131.878,9,buy
2025-10-24 13:09:45.882356+00:00,131.7827,131.9973,131.6789,4,sell
2025-10-24 13:09:46.764709+00:00,131.7792,132.0008,131.9589,7,buy
2025-10-24 13:09:47.647062+00:00,131.8482,131.9318,131.9234,7,buy
2025-10-24 13:09:48.529415+00:00,131.7943,131.9857,132.0869,13,buy
2025-10-24 13:09:49.411768+00:00,131.7926,131.9874,131.9509,0,buy
2025-10-24 13:09:50.294121+00:00,131.8068,131.9732,131.7173,3,sell
2025-10-24 13:09:51.176474+00:00,131.7563,132.0237,131.9821,2,buy
2025-10-24 13:09:52.058827+00:00,131.7891,131.9909,131.7643,2,sell
2025-10-24 13:09:52.941180+00:00,131.7897,131.9903,131.7889,7,sell
2025-10-24 13:09:53.823533+00:00,131.7718,132.0082,132.0057,10,buy
2025-10-24 13:09:54.705886+00:00,131.7707,132.0093,131.9683,11,buy
2025-10-24 13:09:55.588239+00:00,131.7716,132.0084,132.0838,9,buy
2025-10-24 13:09:56.470592+00:00,131.7888,131.9912,131.714,9,sell
2025-10-24 13:09:57.352945+00:00,131.7924,131.9876,131.873,9,buy
2025-10-24 13:09:58.235298+00:00,131.8172,131.9628,131.9353,9,sell
2025-10-24 13:09:59.117651+00:00,131.817,131.963,131.8625,6,sell
2025-10-24 13:10:00+00:00,131.8683,132.0918,132.0158,127,buy
2025-10-24 13:10:00.967742+00:00,131.863,132.092,131.9923,132,sell
2025-10-24 13:10:01.935484+00:00,131.8861,132.0565,131.9486,99,sell
2025-10-24 13:10:02.903226+00:00,131.8675,132.0647,131.992,87,sell
2025-10-24 13:10:03.870968+00:00,131.8645,132.067,132.176,128,buy
2025-10-24 13:10:04.838710+00:00,131.8314,132.0811,132.1429,89,buy
2025-10-24 13:10:05.806452+00:00,131.8649,132.0413,131.8078,138,sell
2025-10-24 13:10:06.774194+00:00,131.8552,132.0483,132.1051,130,buy
2025-10-24 13:10:07.741936+00:00,131.8317,132.0585,132.1395,86,buy
2025-10-24 13:10:08.709678+00:00,131.8426,132.0389,131.972,48,sell
2025-10-24 13:10:09.677420+00:00,131.8015,132.0715,132.0423,70,buy
2025-10-24 13:10:10.645162+00:00,131.8603,132.0017,131.8366,45,sell
2025-10-24 13:10:11.612904+00:00,131.8226,132.0321,131.8376,42,sell
2025-10-24 13:10:12.580646+00:00,131.8466,132.0009,131.9408,152,buy
2025-10-24 13:10:13.548388+00:00,131.8385,131.9948,131.9685,124,sell
2025-10-24 13:10:14.516130+00:00,131.8,132.0234,131.784,73,sell
2025-10-24 13:10:15.483872+00:00,131.8173,131.9888,132.098,84,buy
2025-10-24 13:10:16.451614+00:00,131.7703,132.0429,131.922,113,buy
2025-10-24 13:10:17.419356+00:00,131.7971,132.0,132.0515,160,buy
2025-10-24 13:10:18.387098+00:00,131.7871,132.002,131.7898,142,sell
2025-10-24 13:10:19.354840+00:00,131.7981,131.977,131.8664,121,buy
2025-10-24 13:10:20.322582+00:00,131.7966,131.9804,131.967,110,buy
2025-10-24 13:10:21.290324+00:00,131.7712,131.9968,131.6565,65,sell
2025-10-24 13:10:22.258066+00:00,131.8295,131.9266,131.7364,61,sell
2025-10-24 13:10:23.225808+00:00,131.7655,131.9851,131.7354,165,sell
2025-10-24 13:10:24.193550+00:00,131.7465,131.9887,131.9764,120,buy
2025-10-24 13:10:25.161292+00:00,131.7514,131.978,131.7588,48,sell
2025-10-24 13:10:26.129034+00:00,131.7404,131.9751,131.7794,108,sell
2025-10-24 13:10:27.096776+00:00,131.7907,131.9164,131.9513,142,buy
2025-10-24 13:10:28.064518+00:00,131.7328,131.9654,131.6844,59,sell
2025-10-24 13:10:29.032260+00:00,131.7371,131.9556,131.9302,159,buy
2025-10-24 13:10:30.000002+00:00,131.7584,131.9266,131.8759,110,buy
2025-10-24 13:10:30.967744+00:00,131.7408,131.932,131.9231,76,buy
2025-10-24 13:10:31.935486+00:00,131.7244,131.9403,131.8632,108,buy
2025-10-24 13:10:32.903228+00:00,131.7096,131.9451,131.7267,165,sell
2025-10-24 13:10:33.870970+00:00,131.7385,131.9149,132.0065,157,buy
2025-10-24 13:10:34.838712+00:00,131.7209,131.9189,131.8089,63,sell
2025-10-24 13:10:35.806454+00:00,131.7391,131.8873,131.8393,92,sell
2025-10-24 13:10:36.774196+00:00,131.713,131.9054,131.8314,66,sell
2025-10-24 13:10:37.741938+00:00,131.6889,131.9244,131.9361,53,buy
2025-10-24 13:10:38.709680+00:00,131.7083,131.8984,131.8097,100,sell
2025-10-24 13:10:39.677422+00:00,131.6825,131.9165,131.9647,133,buy
2025-10-24 13:10:40.645164+00:00,131.6718,131.9125,131.7964,124,buy
2025-10-24 13:10:41.612906+00:00,131.6697,131.9067,131.7867,60,buy
2025-10-24 13:10:42.580648+00:00,131.6694,131.8961,132.016,172,buy
2025-10-24 13:10:43.548390+00:00,131.7126,131.8412,131.7542,39,buy
2025-10-24 13:10:44.516132+00:00,131.6616,131.8875,131.9402,91,buy
2025-10-24 13:10:45.483874+00:00,131.6709,131.8695,131.6872,39,sell
2025-10-24 13:10:46.451616+00:00,131.672,131.8591,131.5824,169,sell
2025-10-24 13:10:47.419358+00:00,131.6544,131.8684,131.6053,88,sell
2025-10-24 13:10:48.387100+00:00,131.6626,131.8581,131.8875,20,buy
2025-10-24 13:10:49.354842+00:00,131.6577,131.8466,131.626,123,sell
2025-10-24 13:10:50.322584+00:00,131.6764,131.8161,131.738,133,buy
2025-10-24 13:10:51.290326+00:00,131.6392,131.8466,131.6879,75,sell
2025-10-24 13:10:52.258068+00:00,131.6168,131.857,131.9028,61,buy
2025-10-24 13:10:53.225810+00:00,131.6363,131.8353,131.7981,81,buy
2025-10-24 13:10:54.193552+00:00,131.6472,131.8193,131.7965,101,buy
2025-10-24 13:10:55.161294+00:00,131.6309,131.8207,131.5633,115,sell
2025-10-24 13:10:56.129036+00:00,131.6472,131.7912,131.6343,64,sell
2025-10-24 13:10:57.096778+00:00,131.5973,131.8404,131.5283,109,sell
2025-10-24 13:10:58.064520+00:00,131.5921,131.8344,131.806,61,buy
2025-10-24 13:10:59.032262+00:00,131.6275,131.7803,131.5739,95,sell
2025-10-24 13:11:00+00:00,131.7642,131.9758,131.8491,43,sell
2025-10-24 13:11:00.952381+00:00,131.7638,131.9833,131.6481,85,sell
2025-10-24 13:11:01.904762+00:00,131.8002,131.9543,131.8729,97,buy
2025-10-24 13:11:02.857143+00:00,131.7873,131.9723,132.0388,45,buy
2025-10-24 13:11:03.809524+00:00,131.8254,131.9433,131.9428,58,sell
2025-10-24 13:11:04.761905+00:00,131.7606,132.0131,131.7503,57,sell
2025-10-24 13:11:05.714286+00:00,131.79,131.9888,131.7233,88,sell
2025-10-24 13:11:06.666667+00:00,131.7888,131.9942,131.6618,62,sell
2025-10-24 13:11:07.619048+00:00,131.8174,131.9786,131.9208,71,buy
2025-10-24 13:11:08.571429+00:00,131.7878,132.0101,132.009,47,buy
2025-10-24 13:11:09.523810+00:00,131.8113,131.9959,131.8728,36,buy
2025-10-24 13:11:10.476191+00:00,131.8031,132.011,131.8462,77,sell
2025-10-24 13:11:11.428572+00:00,131.8257,131.9923,131.9937,30,buy
2025-10-24 13:11:12.380953+00:00,131.8026,132.0246,131.8499,56,sell
2025-10-24 13:11:13.333334+00:00,131.8247,132.0111,131.7489,67,sell
2025-10-24 13:11:14.285715+00:00,131.8191,132.0214,131.826,50,sell
2025-10-24 13:11:15.238096+00:00,131.7927,132.0529,131.7788,14,sell
2025-10-24 13:11:16.190477+00:00,131.8587,131.9963,131.9502,46,buy
2025-10-24 13:11:17.142858+00:00,131.8493,132.0118,131.9124,29,buy
2025-10-24 13:11:18.095239+00:00,131.8291,132.0394,131.9719,31,buy
2025-10-24 13:11:19.047620+00:00,131.8219,132.052,132.1155,22,buy
2025-10-24 13:11:20.000001+00:00,131.8316,132.0494,131.8153,68,sell
2025-10-24 13:11:20.952382+00:00,131.8297,132.0582,131.9579,26,sell
2025-10-24 13:11:21.904763+00:00,131.8241,132.0677,131.7,57,sell
2025-10-24 13:11:22.857144+00:00,131.8647,132.038,132.1496,73,buy
2025-10-24 13:11:23.809525+00:00,131.8316,132.0767,132.0551,33,buy
2025-10-24 13:11:24.761906+00:00,131.8857,132.0293,131.8994,52,sell
2025-10-24 13:11:25.714287+00:00,131.8563,132.0649,131.7781,71,sell
2025-10-24 13:11:26.666668+00:00,131.8597,132.0691,132.1784,44,buy
2025-10-24 13:11:27.619049+00:00,131.8859,132.0472,131.9568,47,buy
2025-10-24 13:11:28.571430+00:00,131.8958,132.044,131.9052,79,sell
2025-10-24 13:11:29.523811+00:00,131.8653,132.0805,132.1714,29,buy
2025-10-24 13:11:30.476192+00:00,131.8993,132.0534,132.1264,40,buy
2025-10-24 13:11:31.428573+00:00,131.8801,132.0835,131.8305,96,sell
2025-10-24 13:11:32.380954+00:00,131.858,132.1118,131.982,48,buy
2025-10-24 13:11:33.333335+00:00,131.8985,132.0779,132.0093,71,buy
2025-10-24 13:11:34.285716+00:00,131.9097,132.072,132.1624,40,buy
2025-10-24 13:11:35.238097+00:00,131.8923,132.0968,132.1359,24,buy
2025-10-24 13:11:36.190478+00:00,131.8657,132.1307,132.2409,41,buy
2025-10-24 13:11:37.142859+00:00,131.9031,132.0975,131.8338,47,sell
2025-10-24 13:11:38.095240+00:00,131.908,132.1026,131.8654,83,sell
2025-10-24 13:11:39.047621+00:00,131.8927,132.121,132.0701,64,buy
2025-10-24 13:11:40.000002+00:00,131.9204,132.1007,132.1401,71,buy
2025-10-24 13:11:40.952383+00:00,131.9141,132.1149,131.9118,49,sell
2025-10-24 13:11:41.904764+00:00,131.8965,132.1406,131.7663,30,sell
2025-10-24 13:11:42.857145+00:00,131.9342,132.1092,131.9422,81,sell
2025-10-24 13:11:43.809526+00:00,131.9336,132.1145,131.8239,45,sell
2025-10-24 13:11:44.761907+00:00,131.9249,132.1308,132.1755,82,buy
2025-10-24 13:11:45.714288+00:00,131.931,132.129,131.9261,49,sell
2025-10-24 13:11:46.666669+00:00,131.9544,132.1056,132.0297,60,buy
2025-10-24 13:11:47.619050+00:00,131.8892,132.1708,132.1517,63,buy
2025-10-24 13:11:48.571431+00:00,131.9318,132.1282,131.9281,124,sell
2025-10-24 13:11:49.523812+00:00,131.9649,132.0951,132.0531,35,sell
2025-10-24 13:11:50.476193+00:00,131.9413,132.1187,132.201,25,buy
2025-10-24 13:11:51.428574+00:00,131.9563,132.1037,132.0652,8,sell
2025-10-24 13:11:52.380955+00:00,131.9554,132.1046,132.1706,74,buy
2025-10-24 13:11:53.333336+00:00,131.9195,132.1405,132.0215,61,buy
2025-10-24 13:11:54.285717+00:00,131.9414,132.1186,132.0943,64,buy
2025-10-24 13:11:55.238098+00:00,131.949,132.111,132.1358,55,buy
2025-10-24 13:11:56.190479+00:00,131.8912,132.1688,132.1408,49,buy
2025-10-24 13:11:57.142860+00:00,131.9644,132.0956,132.0867,36,buy
2025-10-24 13:11:58.095241+00:00,131.9236,132.1364,131.8454,43,sell
2025-10-24 13:11:59.047622+00:00,131.9488,132.1112,132.1559,20,buy
2025-10-24 13:12:00+00:00,131.8944,132.1855,132.3095,38,buy
2025-10-24 13:12:01.250000+00:00,131.9306,132.1369,132.0544,7,sell
2025-10-24 13:12:02.500000+00:00,131.9696,132.082,131.9426,44,sell
2025-10-24 13:12:03.750000+00:00,131.894,132.1488,131.7934,35,sell
2025-10-24 13:12:05+00:00,131.9277,132.0998,132.1997,46,buy
2025-10-24 13:12:06.250000+00:00,131.8729,132.1356,131.9452,47,sell
2025-10-24 13:12:07.500000+00:00,131.8792,132.1173,131.8045,39,sell
2025-10-24 13:12:08.750000+00:00,131.8917,132.0906,131.981,27,buy
2025-10-24 13:12:10+00:00,131.9006,132.0736,132.1228,29,buy
2025-10-24 13:12:11.250000+00:00,131.8689,132.0849,132.1637,49,buy
2025-10-24 13:12:12.500000+00:00,131.8858,132.0609,131.9902,30,sell
2025-10-24 13:12:13.750000+00:00,131.8627,132.071,132.0023,55,buy
2025-10-24 13:12:15+00:00,131.8655,132.0459,132.1611,75,buy
2025-10-24 13:12:16.250000+00:00,131.8729,132.0323,131.9832,28,buy
2025-10-24 13:12:17.500000+00:00,131.8262,132.0646,131.9379,29,sell
2025-10-24 13:12:18.750000+00:00,131.834,132.0391,131.989,21,buy
2025-10-24 13:12:20+00:00,131.8131,132.0504,131.8664,48,sell
2025-10-24 13:12:21.250000+00:00,131.8348,132.0146,131.7107,52,sell
2025-10-24 13:12:22.500000+00:00,131.8123,132.0222,131.7757,21,sell
2025-10-24 13:12:23.750000+00:00,131.8508,131.9724,131.9047,51,sell
2025-10-24 13:12:25+00:00,131.7736,132.0343,131.7958,41,sell
2025-10-24 13:12:26.250000+00:00,131.793,131.9975,131.933,54,buy
2025-10-24 13:12:27.500000+00:00,131.8114,131.9687,131.8762,44,buy
2025-10-24 13:12:28.750000+00:00,131.7732,131.9914,131.8089,53,sell
2025-10-24 13:12:30+00:00,131.7579,131.9972,131.9485,13,buy
2025-10-24 13:12:31.250000+00:00,131.7496,131.988,131.8631,63,sell
2025-10-24 13:12:32.500000+00:00,131.794,131.9291,131.7534,40,sell
2025-10-24 13:12:33.750000+00:00,131.7492,131.9666,131.7123,18,sell
2025-10-24 13:12:35+00:00,131.7706,131.9263,131.9428,45,buy
2025-10-24 13:12:36.250000+00:00,131.725,131.9603,131.787,28,sell
2025-10-24 13:12:37.500000+00:00,131.6899,131.9901,131.8084,50,sell
2025-10-24 13:12:38.750000+00:00,131.7581,131.9219,131.7055,25,sell
2025-10-24 13:12:40+00:00,131.7189,131.9611,132.0793,26,buy
2025-10-24 13:12:41.250000+00:00,131.7443,131.9357,131.8066,30,sell
2025-10-24 13:12:42.500000+00:00,131.7664,131.9136,131.8129,28,sell
2025-10-24 13:12:43.750000+00:00,131.7366,131.9434,131.8659,15,sell
2025-10-24 13:12:45+00:00,131.7547,131.9253,131.6694,28,sell
2025-10-24 13:12:46.250000+00:00,131.731,131.949,132.0138,41,buy
2025-10-24 13:12:47.500000+00:00,131.7553,131.9247,131.8267,32,sell
2025-10-24 13:12:48.750000+00:00,131.7455,131.9345,131.9875,47,buy
2025-10-24 13:12:50+00:00,131.7256,131.9544,132.0475,38,buy
2025-10-24 13:12:51.250000+00:00,131.7145,131.9654,131.6677,27,sell
2025-10-24 13:12:52.500000+00:00,131.77,131.91,131.6446,35,sell
2025-10-24 13:12:53.750000+00:00,131.729,131.951,131.8108,27,sell
2025-10-24 13:12:55+00:00,131.748,131.932,132.0404,22,buy
2025-10-24 13:12:56.250000+00:00,131.7228,131.9572,131.7065,44,sell
2025-10-24 13:12:57.500000+00:00,131.7609,131.9191,131.9072,38,buy
2025-10-24 13:12:58.750000+00:00,131.7178,131.9621,131.711,52,sell
2025-10-24 13:13:00+00:00,131.8692,131.9909,131.7803,26,sell
2025-10-24 13:13:01.052632+00:00,131.8432,132.0237,131.9993,41,buy
2025-10-24 13:13:02.105264+00:00,131.8465,132.0292,131.9791,40,buy
2025-10-24 13:13:03.157896+00:00,131.8436,132.0347,132.1013,25,buy
2025-10-24 13:13:04.210528+00:00,131.828,132.0602,131.9747,28,buy
2025-10-24 13:13:05.263160+00:00,131.8432,132.0522,131.8741,9,sell
2025-10-24 13:13:06.315792+00:00,131.841,132.0601,131.7232,14,sell
2025-10-24 13:13:07.368424+00:00,131.8863,132.0245,132.0414,32,buy
2025-10-24 13:13:08.421056+00:00,131.8983,132.0184,132.0299,26,buy
2025-10-24 13:13:09.473688+00:00,131.8549,132.069,131.9673,26,buy
2025-10-24 13:13:10.526320+00:00,131.881,132.0495,131.9589,39,sell
2025-10-24 13:13:11.578952+00:00,131.8602,132.0734,131.7387,27,sell
2025-10-24 13:13:12.631584+00:00,131.8827,132.0604,131.9923,31,buy
2025-10-24 13:13:13.684216+00:00,131.8549,132.095,132.1405,33,buy
2025-10-24 13:13:14.736848+00:00,131.9046,132.0526,131.9935,19,buy
2025-10-24 13:13:15.789480+00:00,131.8551,132.1057,132.0526,44,buy
2025-10-24 13:13:16.842112+00:00,131.8865,132.0834,132.1296,39,buy
2025-10-24 13:13:17.894744+00:00,131.922,132.0547,131.8978,23,sell
2025-10-24 13:13:18.947376+00:00,131.8855,132.0983,131.9974,43,buy
2025-10-24 13:13:20.000008+00:00,131.8762,132.1146,131.9445,21,sell
2025-10-24 13:13:21.052640+00:00,131.8666,132.1303,132.225,34,buy
2025-10-24 13:13:22.105272+00:00,131.9029,132.1003,132.0813,14,buy
2025-10-24 13:13:23.157904+00:00,131.9194,132.0942,132.0152,37,sell
2025-10-24 13:13:24.210536+00:00,131.9414,132.0765,131.8928,19,sell
2025-10-24 13:13:25.263168+00:00,131.9211,132.1069,132.163,15,buy
2025-10-24 13:13:26.315800+00:00,131.9231,132.1066,132.0532,27,sell
2025-10-24 13:13:27.368432+00:00,131.9012,132.1367,132.0822,21,buy
2025-10-24 13:13:28.421064+00:00,131.9367,132.1079,131.9228,27,sell
2025-10-24 13:13:29.473696+00:00,131.9497,132.1017,131.9359,16,sell
2025-10-24 13:13:30.526328+00:00,131.8939,132.1668,132.2304,14,buy
2025-10-24 13:13:31.578960+00:00,131.9302,132.1376,131.9525,22,sell
2025-10-24 13:13:32.631592+00:00,131.9527,132.1168,132.0871,8,buy
2025-10-24 13:13:33.684224+00:00,131.9448,132.1363,132.0627,16,buy
2025-10-24 13:13:34.736856+00:00,131.9476,132.1421,132.1101,32,buy
2025-10-24 13:13:35.789488+00:00,131.94,132.1515,132.1231,31,buy
2025-10-24 13:13:36.842120+00:00,131.9227,132.1757,131.9507,26,sell
2025-10-24 13:13:37.894752+00:00,131.9474,132.1526,131.9008,23,sell
2025-10-24 13:13:38.947384+00:00,131.929,132.1711,132.2313,29,buy
2025-10-24 13:13:40.000016+00:00,131.9764,132.1236,132.1087,21,buy
2025-10-24 13:13:41.052648+00:00,131.9625,132.1375,132.0819,21,buy
2025-10-24 13:13:42.105280+00:00,131.9488,132.1512,132.079,29,sell
2025-10-24 13:13:43.157912+00:00,131.9413,132.1587,132.0973,34,buy
2025-10-24 13:13:44.210544+00:00,131.9955,132.1045,131.9408,9,sell
2025-10-24 13:13:45.263176+00:00,131.963,132.137,132.0877,33,buy
2025-10-24 13:13:46.315808+00:00,131.9573,132.1427,131.9983,20,sell
2025-10-24 13:13:47.368440+00:00,131.9476,132.1524,131.9617,33,sell
2025-10-24 13:13:48.421072+00:00,131.9376,132.1624,132.0337,31,buy
2025-10-24 13:13:49.473704+00:00,131.9764,132.1236,132.0882,17,buy
2025-10-24 13:13:50.526336+00:00,131.947,132.153,132.1172,19,buy
2025-10-24 13:13:51.578968+00:00,131.9563,132.1438,132.2106,12,buy
2025-10-24 13:13:52.631600+00:00,131.9525,132.1475,131.9472,10,sell
2025-10-24 13:13:53.684232+00:00,131.9281,132.1719,132.2879,27,buy
2025-10-24 13:13:54.736864+00:00,131.9503,132.1497,131.8369,44,sell
2025-10-24 13:13:55.789496+00:00,131.9095,132.1905,132.0633,46,buy
2025-10-24 13:13:56.842128+00:00,131.9741,132.1259,132.1722,24,buy
2025-10-24 13:13:57.894760+00:00,131.9303,132.1697,132.2681,24,buy
2025-10-24 13:13:58.947392+00:00,131.9784,132.1216,132.1051,22,buy
2025-10-24 13:14:00+00:00,132.0355,132.2035,132.0359,66,sell
2025-10-24 13:14:00.967742+00:00,132.0344,132.2107,132.1457,57,sell
2025-10-24 13:14:01.935484+00:00,132.0363,132.2171,132.1865,104,buy
2025-10-24 13:14:02.903226+00:00,132.0024,132.2557,132.2556,64,buy
2025-10-24 13:14:03.870968+00:00,132.035,132.2315,132.0466,71,sell
2025-10-24 13:14:04.838710+00:00,132.0289,132.2413,132.273,66,buy
2025-10-24 13:14:05.806452+00:00,132.0793,132.198,132.2923,168,buy
2025-10-24 13:14:06.774194+00:00,132.0163,132.2681,132.2398,194,buy
2025-10-24 13:14:07.741936+00:00,132.0195,132.2726,132.2127,98,buy
2025-10-24 13:14:08.709678+00:00,132.0316,132.2655,132.1251,130,sell
2025-10-24 13:14:09.677420+00:00,132.0315,132.2692,131.9758,130,sell
2025-10-24 13:14:10.645162+00:00,132.0697,132.2397,132.1396,78,sell
2025-10-24 13:14:11.612904+00:00,132.0804,132.2338,131.9505,184,sell
2025-10-24 13:14:12.580646+00:00,132.0716,132.2504,132.2295,101,buy
2025-10-24 13:14:13.548388+00:00,132.0548,132.2744,132.3484,176,buy
2025-10-24 13:14:14.516130+00:00,132.0535,132.282,132.2787,185,buy
2025-10-24 13:14:15.483872+00:00,132.0579,132.2814,132.0036,131,sell
2025-10-24 13:14:16.451614+00:00,132.0816,132.266,132.0133,122,sell
2025-10-24 13:14:17.419356+00:00,132.0746,132.2789,132.4095,77,buy
2025-10-24 13:14:18.387098+00:00,132.0444,132.314,132.0966,142,sell
2025-10-24 13:14:19.354840+00:00,132.0956,132.2704,132.1725,115,buy
2025-10-24 13:14:20.322582+00:00,132.1007,132.2705,132.3628,74,buy
2025-10-24 13:14:21.290324+00:00,132.0779,132.3034,132.3036,95,buy
2025-10-24 13:14:22.258066+00:00,132.0969,132.288,132.0005,37,sell
2025-10-24 13:14:23.225808+00:00,132.0698,132.3226,132.3833,158,buy
2025-10-24 13:14:24.193550+00:00,132.1321,132.2682,132.2937,159,buy
2025-10-24 13:14:25.161292+00:00,132.1112,132.293,132.2108,85,sell
2025-10-24 13:14:26.129034+00:00,132.1063,132.3022,132.2334,102,buy
2025-10-24 13:14:27.096776+00:00,132.1024,132.3135,132.0292,87,sell
2025-10-24 13:14:28.064518+00:00,132.0815,132.3419,132.4636,101,buy
2025-10-24 13:14:29.032260+00:00,132.1244,132.3052,132.2381,46,buy
2025-10-24 13:14:30.000002+00:00,132.0963,132.3352,132.1285,175,sell
2025-10-24 13:14:30.967744+00:00,132.1273,132.3154,132.1447,165,sell
2025-10-24 13:14:31.935486+00:00,132.1212,132.329,132.251,109,sell
2025-10-24 13:14:32.903228+00:00,132.1495,132.3037,132.2019,121,buy
2025-10-24 13:14:33.870970+00:00,132.1213,132.3409,132.3479,143,buy
2025-10-24 13:14:34.838712+00:00,132.1522,132.3138,132.3498,175,buy
2025-10-24 13:14:35.806454+00:00,132.1588,132.3129,132.3098,126,buy
2025-10-24 13:14:36.774196+00:00,132.1604,132.3159,132.1807,107,sell
2025-10-24 13:14:37.741938+00:00,132.1395,132.3406,132.2363,80,sell
2025-10-24 13:14:38.709680+00:00,132.149,132.331,132.0412,157,sell
2025-10-24 13:14:39.677422+00:00,132.1328,132.3472,132.2076,140,sell
2025-10-24 13:14:40.645164+00:00,132.1313,132.3487,132.2889,110,buy
2025-10-24 13:14:41.612906+00:00,132.1719,132.3081,132.2689,62,buy
2025-10-24 13:14:42.580648+00:00,132.1489,132.3311,132.0526,126,sell
2025-10-24 13:14:43.548390+00:00,132.1305,132.3495,132.3703,139,buy
2025-10-24 13:14:44.516132+00:00,132.1578,132.3222,132.2118,130,buy
2025-10-24 13:14:45.483874+00:00,132.1214,132.3586,132.3331,186,buy
2025-10-24 13:14:46.451616+00:00,132.1159,132.3641,132.0964,115,sell
2025-10-24 13:14:47.419358+00:00,132.1641,132.3159,132.2359,101,sell
2025-10-24 13:14:48.387100+00:00,132.1086,132.3714,132.2682,47,buy
2025-10-24 13:14:49.354842+00:00,132.1222,132.3578,132.4292,107,buy
2025-10-24 13:14:50.322584+00:00,132.1728,132.3072,132.1629,123,sell
2025-10-24 13:14:51.290326+00:00,132.1304,132.3497,132.4737,127,buy
2025-10-24 13:14:52.258068+00:00,132.1749,132.3051,132.3849,135,buy
2025-10-24 13:14:53.225810+00:00,132.1228,132.3572,132.0717,93,sell
2025-10-24 13:14:54.193552+00:00,132.1317,132.3483,132.303,79,buy
2025-10-24 13:14:55.161294+00:00,132.1478,132.3322,132.0486,146,sell
2025-10-24 13:14:56.129036+00:00,132.1641,132.3159,132.3285,85,buy
2025-10-24 13:14:57.096778+00:00,132.1279,132.3522,132.4586,67,buy
2025-10-24 13:14:58.064520+00:00,132.122,132.358,132.0961,85,sell
2025-10-24 13:14:59.032262+00:00,132.1223,132.3577,132.4393,207,buy
2025-10-24 13:15:00+00:00,132.1854,132.314,132.2751,52,sell
2025-10-24 13:15:00.937500+00:00,132.1479,132.3485,132.1157,80,sell
2025-10-24 13:15:01.875000+00:00,132.1427,132.3518,132.4233,46,buy
2025-10-24 13:15:02.812500+00:00,132.0851,132.4046,132.5167,59,buy
2025-10-24 13:15:03.750000+00:00,132.1042,132.3792,132.4261,78,buy
2025-10-24 13:15:04.687500+00:00,132.1192,132.3632,132.2838,75,buy
2025-10-24 13:15:05.625000+00:00,132.1366,132.3412,132.2223,69,sell
2025-10-24 13:15:06.562500+00:00,132.1075,132.3655,132.4616,38,buy
2025-10-24 13:15:07.500000+00:00,132.0936,132.3778,132.2132,66,sell
2025-10-24 13:15:08.437500+00:00,132.1543,132.3161,132.1776,57,sell
2025-10-24 13:15:09.375000+00:00,132.1608,132.3045,132.206,69,sell
2025-10-24 13:15:10.312500+00:00,132.1512,132.3106,132.0966,79,sell
2025-10-24 13:15:11.250000+00:00,132.1224,132.3371,132.361,51,buy
2025-10-24 13:15:12.187500+00:00,132.1545,132.3011,132.232,57,buy
2025-10-24 13:15:13.125000+00:00,132.1274,132.3209,132.1955,60,sell
2025-10-24 13:15:14.062500+00:00,132.1277,132.32,132.1919,32,buy
2025-10-24 13:15:15+00:00,132.1182,132.324,132.3147,64,buy
2025-10-24 13:15:15.937500+00:00,132.1194,132.3201,132.1041,48,sell
2025-10-24 13:15:16.875000+00:00,132.1235,132.3112,132.1769,93,sell
2025-10-24 13:15:17.812500+00:00,132.1351,132.2976,132.3473,51,buy
2025-10-24 13:15:18.750000+00:00,132.0955,132.3303,132.0065,69,sell
2025-10-24 13:15:19.687500+00:00,132.1006,132.3254,132.4249,72,buy
2025-10-24 13:15:20.625000+00:00,132.1378,132.2822,132.2391,59,sell
2025-10-24 13:15:21.562500+00:00,132.1082,132.3111,132.1311,79,sell
2025-10-24 13:15:22.500000+00:00,132.112,132.3054,132.3009,91,buy
2025-10-24 13:15:23.437500+00:00,132.0649,132.3478,132.1367,73,sell
2025-10-24 13:15:24.375000+00:00,132.1093,132.2989,132.1119,58,sell
2025-10-24 13:15:25.312500+00:00,132.1157,132.2849,132.3432,37,buy
2025-10-24 13:15:26.250000+00:00,132.0948,132.3069,132.2474,56,buy
2025-10-24 13:15:27.187500+00:00,132.0804,132.3167,132.3835,55,buy
2025-10-24 13:15:28.125000+00:00,132.0992,132.2924,132.347,93,buy
2025-10-24 13:15:29.062500+00:00,132.0938,132.2973,132.2768,21,buy
2025-10-24 13:15:30+00:00,132.1255,132.2601,132.1772,75,sell
2025-10-24 13:15:30.937500+00:00,132.0919,132.2905,132.291,69,buy
2025-10-24 13:15:31.875000+00:00,132.0822,132.2994,132.3563,45,buy
2025-10-24 13:15:32.812500+00:00,132.0688,132.3078,132.0681,55,sell
2025-10-24 13:15:33.750000+00:00,132.0459,132.3254,132.2669,102,buy
2025-10-24 13:15:34.687500+00:00,132.099,132.2705,132.2014,24,buy
2025-10-24 13:15:35.625000+00:00,132.0984,132.2665,132.1698,58,sell
2025-10-24 13:15:36.562500+00:00,132.0947,132.2656,131.9879,11,sell
2025-10-24 13:15:37.500000+00:00,132.0673,132.2898,132.2194,12,buy
2025-10-24 13:15:38.437500+00:00,132.0761,132.2778,132.1177,40,sell
2025-10-24 13:15:39.375000+00:00,132.1156,132.2377,132.2151,66,sell
2025-10-24 13:15:40.312500+00:00,132.0836,132.263,132.1607,59,sell
2025-10-24 13:15:41.250000+00:00,132.0662,132.2776,132.2292,82,buy
2025-10-24 13:15:42.187500+00:00,132.0805,132.2589,132.2074,49,buy
2025-10-24 13:15:43.125000+00:00,132.0905,132.2451,132.211,117,sell
2025-10-24 13:15:44.062500+00:00,132.0514,132.2809,131.9213,41,sell
2025-10-24 13:15:45+00:00,132.079,132.2499,132.0551,33,sell
2025-10-24 13:15:45.937500+00:00,132.0578,132.2674,132.1217,45,sell
2025-10-24 13:15:46.875000+00:00,132.0592,132.2632,132.2112,51,buy
2025-10-24 13:15:47.812500+00:00,132.04,132.2767,132.1982,52,buy
2025-10-24 13:15:48.750000+00:00,132.0626,132.252,132.0952,55,sell
2025-10-24 13:15:49.687500+00:00,132.0736,132.2374,132.1923,88,buy
2025-10-24 13:15:50.625000+00:00,132.0171,132.2881,132.0233,89,sell
2025-10-24 13:15:51.562500+00:00,132.069,132.2336,132.1579,67,sell
2025-10-24 13:15:52.500000+00:00,132.0615,132.2385,132.2548,113,buy
2025-10-24 13:15:53.437500+00:00,132.0445,132.2555,132.1684,31,sell
2025-10-24 13:15:54.375000+00:00,132.0471,132.2529,132.2929,60,buy
2025-10-24 13:15:55.312500+00:00,132.0451,132.2549,132.278,24,buy
2025-10-24 13:15:56.250000+00:00,132.0218,132.2782,131.9358,50,sell
2025-10-24 13:15:57.187500+00:00,132.0766,132.2234,132.1949,33,buy
2025-10-24 13:15:58.125000+00:00,132.0344,132.2656,131.9125,27,sell
2025-10-24 13:15:59.062500+00:00,132.0195,132.2805,131.9933,60,sell
2025-10-24 13:16:00+00:00,132.0803,132.2625,132.0338,122,sell
2025-10-24 13:16:00.882353+00:00,132.0538,132.2933,132.1359,55,sell
2025-10-24 13:16:01.764706+00:00,132.0837,132.273,132.216,199,buy
2025-10-24 13:16:02.647059+00:00,132.0841,132.2807,132.0665,126,sell
2025-10-24 13:16:03.529412+00:00,132.0522,132.3213,131.9529,165,sell
2025-10-24 13:16:04.411765+00:00,132.1052,132.2746,132.1176,218,sell
2025-10-24 13:16:05.294118+00:00,132.1031,132.2875,132.2364,210,buy
2025-10-24 13:16:06.176471+00:00,132.1121,132.2876,132.1965,173,sell
2025-10-24 13:16:07.058824+00:00,132.1168,132.2914,132.2541,146,buy
2025-10-24 13:16:07.941177+00:00,132.1281,132.2844,132.1318,134,sell
2025-10-24 13:16:08.823530+00:00,132.1504,132.2741,132.1239,176,sell
2025-10-24 13:16:09.705883+00:00,132.1126,132.3195,132.3669,83,buy
2025-10-24 13:16:10.588236+00:00,132.1217,132.3193,132.0071,158,sell
2025-10-24 13:16:11.470589+00:00,132.1216,132.3293,132.0755,198,sell
2025-10-24 13:16:12.352942+00:00,132.0866,132.374,132.4347,29,buy
2025-10-24 13:16:13.235295+00:00,132.1571,132.3146,132.2259,240,buy
2025-10-24 13:16:14.117648+00:00,132.1594,132.3185,132.0435,147,sell
2025-10-24 13:16:15.000001+00:00,132.1599,132.3317,132.1703,78,sell
2025-10-24 13:16:15.882354+00:00,132.1779,132.3215,132.2724,44,buy
2025-10-24 13:16:16.764707+00:00,132.142,132.3625,132.4402,187,buy
2025-10-24 13:16:17.647060+00:00,132.1497,132.3585,132.2674,179,sell
2025-10-24 13:16:18.529413+00:00,132.1318,132.3884,132.2888,121,buy
2025-10-24 13:16:19.411766+00:00,132.1445,132.3843,132.4194,129,buy
2025-10-24 13:16:20.294119+00:00,132.1953,132.3412,132.2881,212,sell
2025-10-24 13:16:21.176472+00:00,132.1704,132.3741,132.4316,143,buy
2025-10-24 13:16:22.058825+00:00,132.2222,132.329,132.0974,199,sell
2025-10-24 13:16:22.941178+00:00,132.1674,132.3936,132.2698,218,sell
2025-10-24 13:16:23.823531+00:00,132.2126,132.3573,132.3994,164,buy
2025-10-24 13:16:24.705884+00:00,132.1989,132.3816,132.1231,149,sell
2025-10-24 13:16:25.588237+00:00,132.18,132.4128,132.534,129,buy
2025-10-24 13:16:26.470590+00:00,132.1685,132.4298,132.2357,279,sell
2025-10-24 13:16:27.352943+00:00,132.19,132.4134,132.2333,176,sell
2025-10-24 13:16:28.235296+00:00,132.2093,132.4032,132.4369,209,buy
2025-10-24 13:16:29.117649+00:00,132.2166,132.4056,132.3196,122,buy
2025-10-24 13:16:30.000002+00:00,132.2059,132.4254,132.3114,224,sell
2025-10-24 13:16:30.882355+00:00,132.235,132.4046,132.2896,171,sell
2025-10-24 13:16:31.764708+00:00,132.2249,132.4246,132.1949,178,sell
2025-10-24 13:16:32.647061+00:00,132.233,132.4275,132.2769,139,sell
2025-10-24 13:16:33.529414+00:00,132.2388,132.4274,132.1442,181,sell
2025-10-24 13:16:34.411767+00:00,132.2378,132.4349,132.3405,157,sell
2025-10-24 13:16:35.294120+00:00,132.2249,132.4596,132.2087,77,sell
2025-10-24 13:16:36.176473+00:00,132.2633,132.4335,132.3653,87,sell
2025-10-24 13:16:37.058826+00:00,132.2423,132.4577,132.3512,155,buy
2025-10-24 13:16:37.941179+00:00,132.2288,132.4712,132.4947,47,buy
2025-10-24 13:16:38.823532+00:00,132.2942,132.4058,132.4395,85,buy
2025-10-24 13:16:39.705885+00:00,132.2538,132.4462,132.1307,21,sell
2025-10-24 13:16:40.588238+00:00,132.2487,132.4513,132.2098,129,sell
2025-10-24 13:16:41.470591+00:00,132.2825,132.4175,132.3145,69,sell
2025-10-24 13:16:42.352944+00:00,132.2427,132.4573,132.3351,202,buy
2025-10-24 13:16:43.235297+00:00,132.2253,132.4747,132.5365,139,buy
2025-10-24 13:16:44.117650+00:00,132.2656,132.4344,132.3474,167,buy
2025-10-24 13:16:45.000003+00:00,132.2357,132.4643,132.2356,111,sell
2025-10-24 13:16:45.882356+00:00,132.2047,132.4953,132.4288,190,buy
2025-10-24 13:16:46.764709+00:00,132.2701,132.4299,132.2034,77,sell
2025-10-24 13:16:47.647062+00:00,132.2779,132.4221,132.4715,103,buy
2025-10-24 13:16:48.529415+00:00,132.2603,132.4397,132.4103,135,buy
2025-10-24 13:16:49.411768+00:00,132.2513,132.4487,132.2788,138,sell
2025-10-24 13:16:50.294121+00:00,132.2273,132.4727,132.4956,126,buy
2025-10-24 13:16:51.176474+00:00,132.2472,132.4529,132.368,95,sell
2025-10-24 13:16:52.058827+00:00,132.271,132.429,132.3754,48,buy
2025-10-24 13:16:52.941180+00:00,132.2243,132.4758,132.3762,155,buy
2025-10-24 13:16:53.823533+00:00,132.2562,132.4439,132.4642,215,buy
2025-10-24 13:16:54.705886+00:00,132.2168,132.4832,132.5187,112,buy
2025-10-24 13:16:55.588239+00:00,132.247,132.453,132.4104,162,buy
2025-10-24 13:16:56.470592+00:00,132.2442,132.4558,132.2254,112,sell
2025-10-24 13:16:57.352945+00:00,132.2864,132.4136,132.452,109,buy
2025-10-24 13:16:58.235298+00:00,132.2165,132.4835,132.2587,215,sell
2025-10-24 13:16:59.117651+00:00,132.2661,132.4339,132.3368,116,sell
2025-10-24 13:17:00+00:00,132.2636,132.4343,132.3511,47,sell
2025-10-24 13:17:01.250000+00:00,132.2512,132.4435,132.428,51,buy
2025-10-24 13:17:02.500000+00:00,132.2522,132.4398,132.2618,34,sell
2025-10-24 13:17:03.750000+00:00,132.2268,132.4609,132.3963,52,buy
2025-10-24 13:17:05+00:00,132.2673,132.417,132.4616,85,buy
2025-10-24 13:17:06.250000+00:00,132.2817,132.3958,132.3765,65,sell
2025-10-24 13:17:07.500000+00:00,132.2666,132.4096,132.2433,79,sell
2025-10-24 13:17:08.750000+00:00,132.2488,132.4234,132.3777,68,sell
2025-10-24 13:17:10+00:00,132.2506,132.4164,132.2713,35,sell
2025-10-24 13:17:11.250000+00:00,132.2447,132.4179,132.2303,53,sell
2025-10-24 13:17:12.500000+00:00,132.2222,132.4361,132.4224,44,buy
2025-10-24 13:17:13.750000+00:00,132.2332,132.4227,132.2491,67,sell
2025-10-24 13:17:15+00:00,132.242,132.4094,132.2545,80,sell
2025-10-24 13:17:16.250000+00:00,132.2455,132.401,132.5089,40,buy
2025-10-24 13:17:17.500000+00:00,132.188,132.4552,132.3467,45,buy
2025-10-24 13:17:18.750000+00:00,132.2266,132.4116,132.338,111,sell
2025-10-24 13:17:20+00:00,132.2421,132.3934,132.2625,57,buy
2025-10-24 13:17:21.250000+00:00,132.2315,132.3976,132.3534,80,buy
2025-10-24 13:17:22.500000+00:00,132.248,132.3793,132.3469,92,buy
2025-10-24 13:17:23.750000+00:00,132.2225,132.4001,132.1615,67,sell
2025-10-24 13:17:25+00:00,132.1918,132.427,132.3657,34,buy
2025-10-24 13:17:26.250000+00:00,132.1971,132.4176,132.3736,23,buy
2025-10-24 13:17:27.500000+00:00,132.2106,132.4002,132.2918,54,buy
2025-10-24 13:17:28.750000+00:00,132.2203,132.3858,132.3006,65,sell
2025-10-24 13:17:30+00:00,132.2078,132.3954,132.4134,34,buy
2025-10-24 13:17:31.250000+00:00,132.2123,132.386,132.4128,77,buy
2025-10-24 13:17:32.500000+00:00,132.1607,132.4329,132.2079,69,sell
2025-10-24 13:17:33.750000+00:00,132.1938,132.3955,132.0651,49,sell
2025-10-24 13:17:35+00:00,132.1821,132.4031,132.4222,65,buy
2025-10-24 13:17:36.250000+00:00,132.1777,132.4027,132.5302,37,buy
2025-10-24 13:17:37.500000+00:00,132.156,132.4193,132.2501,15,sell
2025-10-24 13:17:38.750000+00:00,132.1987,132.3748,132.1009,59,sell
2025-10-24 13:17:40+00:00,132.1979,132.3712,132.2643,53,sell
2025-10-24 13:17:41.250000+00:00,132.1882,132.3746,132.2135,26,sell
2025-10-24 13:17:42.500000+00:00,132.2192,132.3414,132.1097,60,sell
2025-10-24 13:17:43.750000+00:00,132.1839,132.3725,132.4321,66,buy
2025-10-24 13:17:45+00:00,132.1671,132.3859,132.4068,37,buy
2025-10-24 13:17:46.250000+00:00,132.1889,132.3594,132.2758,42,sell
2025-10-24 13:17:47.500000+00:00,132.1721,132.3725,132.1792,53,sell
2025-10-24 13:17:48.750000+00:00,132.2138,132.3262,132.2751,84,buy
2025-10-24 13:17:50+00:00,132.1606,132.3794,132.1869,62,sell
2025-10-24 13:17:51.250000+00:00,132.158,132.382,132.153,61,sell
2025-10-24 13:17:52.500000+00:00,132.181,132.359,132.1277,71,sell
2025-10-24 13:17:53.750000+00:00,132.2269,132.3131,132.2058,49,sell
2025-10-24 13:17:55+00:00,132.199,132.341,132.2011,88,sell
2025-10-24 13:17:56.250000+00:00,132.1894,132.3506,132.1484,98,sell
2025-10-24 13:17:57.500000+00:00,132.1852,132.3548,132.0838,41,sell
2025-10-24 13:17:58.750000+00:00,132.1727,132.3673,132.124,49,sell
2025-10-24 13:18:00+00:00,132.2158,132.4029,132.2592,127,sell
2025-10-24 13:18:01.111111+00:00,132.174,132.438,132.1155,83,sell
2025-10-24 13:18:02.222222+00:00,132.1977,132.4117,132.4418,78,buy
2025-10-24 13:18:03.333333+00:00,132.2222,132.3795,132.3932,95,buy
2025-10-24 13:18:04.444444+00:00,132.1919,132.4079,132.4506,105,buy
2025-10-24 13:18:05.555555+00:00,132.1869,132.4035,132.1529,108,sell
2025-10-24 13:18:06.666666+00:00,132.1799,132.4088,132.1248,105,sell
2025-10-24 13:18:07.777777+00:00,132.1947,132.3864,132.4236,70,buy
2025-10-24 13:18:08.888888+00:00,132.2092,132.3665,132.2611,92,buy
2025-10-24 13:18:09.999999+00:00,132.1767,132.3938,132.141,155,sell
2025-10-24 13:18:11.111110+00:00,132.1926,132.3756,132.4398,95,buy
2025-10-24 13:18:12.222221+00:00,132.1715,132.3889,132.0963,121,sell
2025-10-24 13:18:13.333332+00:00,132.2149,132.3407,132.447,78,buy
2025-10-24 13:18:14.444443+00:00,132.1568,132.3939,132.4362,131,buy
2025-10-24 13:18:15.555554+00:00,132.179,132.3638,132.144,85,sell
2025-10-24 13:18:16.666665+00:00,132.1546,132.3855,132.1959,55,sell
2025-10-24 13:18:17.777776+00:00,132.1573,132.3763,132.0653,52,sell
2025-10-24 13:18:18.888887+00:00,132.1267,132.4017,132.2212,90,sell
2025-10-24 13:18:19.999998+00:00,132.1994,132.3205,132.1971,143,buy
2025-10-24 13:18:21.111109+00:00,132.1263,132.3899,132.0063,80,sell
2025-10-24 13:18:22.222220+00:00,132.1874,132.3231,132.0828,98,sell
2025-10-24 13:18:23.333331+00:00,132.16,132.3483,132.2805,23,sell
2025-10-24 13:18:24.444442+00:00,132.1779,132.3214,132.4359,83,buy
2025-10-24 13:18:25.555553+00:00,132.1329,132.3635,132.211,69,sell
2025-10-24 13:18:26.666664+00:00,132.1671,132.3215,132.0381,65,sell
2025-10-24 13:18:27.777775+00:00,132.1478,132.336,132.1854,52,sell
2025-10-24 13:18:28.888886+00:00,132.144,132.3354,132.3534,46,buy
2025-10-24 13:18:29.999997+00:00,132.1375,132.3361,132.1803,132,sell
2025-10-24 13:18:31.111108+00:00,132.13,132.3365,132.342,63,buy
2025-10-24 13:18:32.222219+00:00,132.0986,132.3631,132.4808,67,buy
2025-10-24 13:18:33.333330+00:00,132.1407,132.3167,132.1979,96,sell
2025-10-24 13:18:34.444441+00:00,132.1012,132.3517,131.9959,65,sell
2025-10-24 13:18:35.555552+00:00,132.1125,132.332,131.9855,67,sell
2025-10-24 13:18:36.666663+00:00,132.1401,132.2996,132.3598,98,buy
2025-10-24 13:18:37.777774+00:00,132.1361,132.2982,132.2275,92,sell
2025-10-24 13:18:38.888885+00:00,132.123,132.3055,132.1153,32,sell
2025-10-24 13:18:39.999996+00:00,132.1137,132.3114,132.3471,67,buy
2025-10-24 13:18:41.111107+00:00,132.1159,132.3056,132.0722,119,sell
2025-10-24 13:18:42.222218+00:00,132.1132,132.3,132.0,69,sell
2025-10-24 13:18:43.333329+00:00,132.1117,132.2973,132.1449,18,sell
2025-10-24 13:18:44.444440+00:00,132.0931,132.308,132.3963,107,buy
2025-10-24 13:18:45.555551+00:00,132.1394,132.2582,132.3753,115,buy
2025-10-24 13:18:46.666662+00:00,132.1156,132.275,132.2804,69,buy
2025-10-24 13:18:47.777773+00:00,132.1078,132.2794,132.1552,78,sell
2025-10-24 13:18:48.888884+00:00,132.1076,132.2723,132.0305,79,sell
2025-10-24 13:18:49.999995+00:00,132.0789,132.2991,131.9777,72,sell
2025-10-24 13:18:51.111106+00:00,132.1015,132.2702,132.0048,15,sell
2025-10-24 13:18:52.222217+00:00,132.1213,132.2429,132.1335,20,buy
2025-10-24 13:18:53.333328+00:00,132.0866,132.273,132.1199,65,sell
2025-10-24 13:18:54.444439+00:00,132.0848,132.2679,132.1226,80,sell
2025-10-24 13:18:55.555550+00:00,132.0845,132.2659,132.1227,43,sell
2025-10-24 13:18:56.666661+00:00,132.054,132.2876,132.2977,114,buy
2025-10-24 13:18:57.777772+00:00,132.0771,132.2598,132.0208,138,sell
2025-10-24 13:18:58.888883+00:00,132.0487,132.2834,132.1524,106,sell
2025-10-24 13:19:00+00:00,132.1379,132.3071,132.0918,89,sell
2025-10-24 13:19:01.276596+00:00,132.098,132.34,132.218,108,sell
2025-10-24 13:19:02.553192+00:00,132.1242,132.3124,132.1976,95,sell
2025-10-24 13:19:03.829788+00:00,132.1033,132.335,132.2423,88,buy
2025-10-24 13:19:05.106384+00:00,132.1404,132.2988,132.178,56,sell
2025-10-24 13:19:06.382980+00:00,132.156,132.2808,132.1759,87,sell
2025-10-24 13:19:07.659576+00:00,132.1078,132.3303,132.4467,144,buy
2025-10-24 13:19:08.936172+00:00,132.138,132.2998,132.3779,51,buy
2025-10-24 13:19:10.212768+00:00,132.1286,132.309,132.2949,135,buy
2025-10-24 13:19:11.489364+00:00,132.1207,132.3113,132.4337,112,buy
2025-10-24 13:19:12.765960+00:00,132.1135,132.319,132.3304,113,buy
2025-10-24 13:19:14.042556+00:00,132.1069,132.3278,132.3987,119,buy
2025-10-24 13:19:15.319152+00:00,132.1073,132.3248,132.047,120,sell
2025-10-24 13:19:16.595748+00:00,132.1514,132.2809,132.1187,115,sell
2025-10-24 13:19:17.872344+00:00,132.1221,132.3092,132.3713,57,buy
2025-10-24 13:19:19.148940+00:00,132.1137,132.3147,132.4343,96,buy
2025-10-24 13:19:20.425536+00:00,132.0979,132.3265,131.971,95,sell
2025-10-24 13:19:21.702132+00:00,132.1149,132.3116,132.1337,34,sell
2025-10-24 13:19:22.978728+00:00,132.0773,132.3501,132.362,101,buy
2025-10-24 13:19:24.255324+00:00,132.0977,132.328,132.1831,63,sell
2025-10-24 13:19:25.531920+00:00,132.1093,132.3186,132.022,131,sell
2025-10-24 13:19:26.808516+00:00,132.1082,132.315,132.2146,105,sell
2025-10-24 13:19:28.085112+00:00,132.0729,132.3513,132.1721,70,sell
2025-10-24 13:19:29.361708+00:00,132.1361,132.2872,132.1799,130,sell
2025-10-24 13:19:30.638304+00:00,132.1324,132.2933,132.3136,96,buy
2025-10-24 13:19:31.914900+00:00,132.1408,132.2829,132.1714,70,buy
2025-10-24 13:19:33.191496+00:00,132.112,132.31,132.0298,58,sell
2025-10-24 13:19:34.468092+00:00,132.1388,132.2807,132.1047,81,sell
2025-10-24 13:19:35.744688+00:00,132.1211,132.2996,132.3675,126,buy
2025-10-24 13:19:37.021284+00:00,132.0939,132.3299,132.264,127,buy
2025-10-24 13:19:38.297880+00:00,132.1107,132.3068,132.1273,106,sell
2025-10-24 13:19:39.574476+00:00,132.1209,132.2971,132.2949,137,buy
2025-10-24 13:19:40.851072+00:00,132.1366,132.281,132.2627,134,buy
2025-10-24 13:19:42.127668+00:00,132.0861,132.3289,132.3202,51,buy
2025-10-24 13:19:43.404264+00:00,132.0653,132.3498,132.0582,82,sell
2025-10-24 13:19:44.680860+00:00,132.0852,132.3292,132.3982,115,buy
2025-10-24 13:19:45.957456+00:00,132.1322,132.2819,132.0614,57,sell
2025-10-24 13:19:47.234052+00:00,132.0996,132.3155,132.0986,82,sell
2025-10-24 13:19:48.510648+00:00,132.0907,132.3221,132.0516,92,sell
2025-10-24 13:19:49.787244+00:00,132.1193,132.2975,132.1423,81,sell
2025-10-24 13:19:51.063840+00:00,132.1108,132.3019,132.1134,57,sell
2025-10-24 13:19:52.340436+00:00,132.0892,132.3202,132.1701,19,sell
2025-10-24 13:19:53.617032+00:00,132.1205,132.2885,132.1935,88,sell
2025-10-24 13:19:54.893628+00:00,132.0809,132.3332,132.2728,31,buy
2025-10-24 13:19:56.170224+00:00,132.0973,132.3097,132.1741,98,sell
2025-10-24 13:19:57.446820+00:00,132.0946,132.3173,131.9681,49,sell
2025-10-24 13:19:58.723416+00:00,132.0958,132.31,132.2091,129,buy
2025-10-24 13:20:00+00:00,132.1018,132.3202,132.1747,22,sell
2025-10-24 13:20:01.034483+00:00,132.1162,132.3095,132.1433,48,sell
2025-10-24 13:20:02.068966+00:00,132.1313,132.2947,132.3025,28,buy
2025-10-24 13:20:03.103449+00:00,132.1282,132.3029,132.2497,46,buy
2025-10-24 13:20:04.137932+00:00,132.1338,132.2979,132.2808,46,buy
2025-10-24 13:20:05.172415+00:00,132.1326,132.3039,132.4317,51,buy
2025-10-24 13:20:06.206898+00:00,132.1221,132.3173,132.1294,36,sell
2025-10-24 13:20:07.241381+00:00,132.107,132.3368,132.3837,54,buy
2025-10-24 13:20:08.275864+00:00,132.1272,132.3186,132.3579,57,buy
2025-10-24 13:20:09.310347+00:00,132.1456,132.3043,132.0346,49,sell
2025-10-24 13:20:10.344830+00:00,132.0802,132.373,132.1938,33,sell
2025-10-24 13:20:11.379313+00:00,132.1213,132.3359,132.46,42,buy
2025-10-24 13:20:12.413796+00:00,132.1383,132.3209,132.4316,54,buy
2025-10-24 13:20:13.448279+00:00,132.1494,132.3142,132.2689,42,sell
2025-10-24 13:20:14.482762+00:00,132.1562,132.3108,132.2448,32,sell
2025-10-24 13:20:15.517245+00:00,132.1619,132.3119,132.3845,28,buy
2025-10-24 13:20:16.551728+00:00,132.1665,132.3081,132.4122,33,buy
2025-10-24 13:20:17.586211+00:00,132.1582,132.3191,132.2641,48,buy
2025-10-24 13:20:18.620694+00:00,132.1195,132.3617,132.0831,41,sell
2025-10-24 13:20:19.655177+00:00,132.1567,132.3261,132.045,2,sell
2025-10-24 13:20:20.689660+00:00,132.1479,132.3387,132.2683,1,sell
2025-10-24 13:20:21.724143+00:00,132.1706,132.3207,132.0404,25,sell
2025-10-24 13:20:22.758626+00:00,132.196,132.3,132.3129,46,buy
2025-10-24 13:20:23.793109+00:00,132.1271,132.3718,132.2565,31,sell
2025-10-24 13:20:24.827592+00:00,132.133,132.3688,132.087,40,sell
2025-10-24 13:20:25.862075+00:00,132.1511,132.3519,132.1456,40,sell
2025-10-24 13:20:26.896558+00:00,132.165,132.3457,132.2505,46,buy
2025-10-24 13:20:27.931041+00:00,132.1518,132.3569,132.489,65,buy
2025-10-24 13:20:28.965524+00:00,132.1457,132.3675,132.2469,58,buy
2025-10-24 13:20:30.000007+00:00,132.1105,132.4093,131.9798,0,sell
2025-10-24 13:20:31.034490+00:00,132.1685,132.3529,132.3952,33,buy
2025-10-24 13:20:32.068973+00:00,132.1653,132.3614,132.4745,48,buy
2025-10-24 13:20:33.103456+00:00,132.1587,132.3682,132.3634,30,buy
2025-10-24 13:20:34.137939+00:00,132.1576,132.3724,132.4575,72,buy
2025-10-24 13:20:35.172422+00:00,132.1682,132.3648,132.2773,49,sell
2025-10-24 13:20:36.206905+00:00,132.185,132.3529,132.3543,20,buy
2025-10-24 13:20:37.241388+00:00,132.1409,132.3991,132.1915,40,sell
2025-10-24 13:20:38.275871+00:00,132.1667,132.3733,132.3505,39,buy
2025-10-24 13:20:39.310354+00:00,132.182,132.358,132.4474,25,buy
2025-10-24 13:20:40.344837+00:00,132.1626,132.3775,132.0847,53,sell
2025-10-24 13:20:41.379320+00:00,132.1841,132.3559,132.2884,78,sell
2025-10-24 13:20:42.413803+00:00,132.2139,132.3261,132.3605,5,buy
2025-10-24 13:20:43.448286+00:00,132.187,132.353,132.3166,32,buy
2025-10-24 13:20:44.482769+00:00,132.193,132.347,132.2921,67,buy
2025-10-24 13:20:45.517252+00:00,132.1665,132.3735,132.0715,28,sell
2025-10-24 13:20:46.551735+00:00,132.1579,132.3821,132.4186,34,buy
2025-10-24 13:20:47.586218+00:00,132.1613,132.3787,132.3402,53,buy
2025-10-24 13:20:48.620701+00:00,132.1754,132.3646,132.0482,22,sell
2025-10-24 13:20:49.655184+00:00,132.1408,132.3992,132.2031,46,sell
2025-10-24 13:20:50.689667+00:00,132.1952,132.3448,132.4203,33,buy
2025-10-24 13:20:51.724150+00:00,132.1808,132.3592,132.3258,20,buy
2025-10-24 13:20:52.758633+00:00,132.1641,132.3759,132.1601,34,sell
2025-10-24 13:20:53.793116+00:00,132.1729,132.3671,132.3769,40,buy
2025-10-24 13:20:54.827599+00:00,132.1513,132.3887,132.0813,57,sell
2025-10-24 13:20:55.862082+00:00,132.2014,132.3386,132.4499,47,buy
2025-10-24 13:20:56.896565+00:00,132.1873,132.3527,132.482,45,buy
2025-10-24 13:20:57.931048+00:00,132.1231,132.4169,132.3951,49,buy
2025-10-24 13:20:58.965531+00:00,132.1724,132.3677,132.1499,29,sell
2025-10-24 13:21:00+00:00,132.1581,132.3615,132.4205,404,buy
2025-10-24 13:21:00.983607+00:00,132.2223,132.3197,132.1905,151,buy
2025-10-24 13:21:01.967214+00:00,132.1803,132.3769,132.2505,267,buy
2025-10-24 13:21:02.950821+00:00,132.2115,132.3685,132.2609,252,buy
2025-10-24 13:21:03.934428+00:00,132.2263,132.3704,132.4403,358,buy
2025-10-24 13:21:04.918035+00:00,132.2198,132.3935,132.3908,256,buy
2025-10-24 13:21:05.901642+00:00,132.2193,132.4072,132.2843,183,buy
2025-10-24 13:21:06.885249+00:00,132.2234,132.4199,132.2957,74,buy
2025-10-24 13:21:07.868856+00:00,132.2788,132.3958,132.1533,363,sell
2025-10-24 13:21:08.852463+00:00,132.2254,132.4605,132.3444,126,sell
2025-10-24 13:21:09.836070+00:00,132.2607,132.447,132.1871,265,sell
2025-10-24 13:21:10.819677+00:00,132.2769,132.4542,132.3338,181,sell
2025-10-24 13:21:11.803284+00:00,132.2549,132.4909,132.3866,256,sell
2025-10-24 13:21:12.786891+00:00,132.2901,132.4686,132.3832,191,sell
2025-10-24 13:21:13.770498+00:00,132.2724,132.5073,132.5437,165,buy
2025-10-24 13:21:14.754105+00:00,132.2736,132.5268,132.2076,221,sell
2025-10-24 13:21:15.737712+00:00,132.3033,132.5159,132.1798,221,sell
2025-10-24 13:21:16.721319+00:00,132.3132,132.5161,132.2172,256,sell
2025-10-24 13:21:17.704926+00:00,132.3573,132.4988,132.2431,393,sell
2025-10-24 13:21:18.688533+00:00,132.3528,132.5185,132.465,417,buy
2025-10-24 13:21:19.672140+00:00,132.3671,132.523,132.4644,201,buy
2025-10-24 13:21:20.655747+00:00,132.3765,132.5442,132.446,272,sell
2025-10-24 13:21:21.639354+00:00,132.3865,132.5418,132.4119,329,sell
2025-10-24 13:21:22.622961+00:00,132.3988,132.5507,132.3204,315,sell
2025-10-24 13:21:23.606568+00:00,132.4003,132.5629,132.4335,274,sell
2025-10-24 13:21:24.590175+00:00,132.3895,132.5938,132.5702,162,buy
2025-10-24 13:21:25.573782+00:00,132.4036,132.6039,132.6901,263,buy
2025-10-24 13:21:26.557389+00:00,132.4169,132.6018,132.4048,94,sell
2025-10-24 13:21:27.540996+00:00,132.4161,132.6314,132.4352,14,sell
2025-10-24 13:21:28.524603+00:00,132.408,132.6508,132.2788,170,sell
2025-10-24 13:21:29.508210+00:00,132.4116,132.6665,132.5773,271,buy
2025-10-24 13:21:30.491817+00:00,132.4049,132.6921,132.6307,234,buy
2025-10-24 13:21:31.475424+00:00,132.4371,132.6847,132.4075,275,sell
2025-10-24 13:21:32.459031+00:00,132.5049,132.641,132.5059,350,sell
2025-10-24 13:21:33.442638+00:00,132.4874,132.6645,132.5779,330,buy
2025-10-24 13:21:34.426245+00:00,132.4789,132.6922,132.7271,251,buy
2025-10-24 13:21:35.409852+00:00,132.4976,132.6943,132.524,278,sell
2025-10-24 13:21:36.393459+00:00,132.5237,132.6852,132.6027,269,buy
2025-10-24 13:21:37.377066+00:00,132.4918,132.7282,132.4828,418,sell
2025-10-24 13:21:38.360673+00:00,132.518,132.702,132.815,156,buy
2025-10-24 13:21:39.344280+00:00,132.4738,132.7462,132.7967,175,buy
2025-10-24 13:21:40.327887+00:00,132.526,132.694,132.6909,277,buy
2025-10-24 13:21:41.311494+00:00,132.4886,132.7314,132.6537,193,buy
2025-10-24 13:21:42.295101+00:00,132.5279,132.6921,132.7757,67,buy
2025-10-24 13:21:43.278708+00:00,132.504,132.716,132.713,160,buy
2025-10-24 13:21:44.262315+00:00,132.4831,132.7369,132.6124,362,sell
2025-10-24 13:21:45.245922+00:00,132.5288,132.6912,132.6332,259,buy
2025-10-24 13:21:46.229529+00:00,132.512,132.708,132.618,332,sell
2025-10-24 13:21:47.213136+00:00,132.529,132.691,132.524,128,sell
2025-10-24 13:21:48.196743+00:00,132.546,132.674,132.5862,252,buy
2025-10-24 13:21:49.180350+00:00,132.4888,132.7312,132.5823,203,sell
2025-10-24 13:21:50.163957+00:00,132.5131,132.7069,132.7192,498,buy
2025-10-24 13:21:51.147564+00:00,132.5314,132.6886,132.7681,192,buy
2025-10-24 13:21:52.131171+00:00,132.507,132.713,132.7307,314,buy
2025-10-24 13:21:53.114778+00:00,132.5202,132.6998,132.6243,84,sell
2025-10-24 13:21:54.098385+00:00,132.5456,132.6744,132.6868,344,buy
2025-10-24 13:21:55.081992+00:00,132.4867,132.7333,132.3984,150,sell
2025-10-24 13:21:56.065599+00:00,132.5416,132.6784,132.4645,310,sell
2025-10-24 13:21:57.049206+00:00,132.5085,132.7115,132.4834,145,sell
2025-10-24 13:21:58.032813+00:00,132.5087,132.7113,132.8342,213,buy
2025-10-24 13:21:59.016420+00:00,132.5506,132.6694,132.7074,489,buy
2025-10-24 13:22:00+00:00,132.524,132.6973,132.7383,99,buy
2025-10-24 13:22:01.224490+00:00,132.5103,132.7166,132.6287,65,sell
2025-10-24 13:22:02.448980+00:00,132.5131,132.7184,132.809,44,buy
2025-10-24 13:22:03.673470+00:00,132.5066,132.7332,132.6238,35,buy
2025-10-24 13:22:04.897960+00:00,132.5385,132.7042,132.4933,62,sell
2025-10-24 13:22:06.122450+00:00,132.5371,132.7159,132.5775,64,sell
2025-10-24 13:22:07.346940+00:00,132.5263,132.7306,132.6385,68,sell
2025-10-24 13:22:08.571430+00:00,132.5538,132.7076,132.7141,78,buy
2025-10-24 13:22:09.795920+00:00,132.5305,132.7387,132.7575,21,buy
2025-10-24 13:22:11.020410+00:00,132.5418,132.7331,132.6784,61,buy
2025-10-24 13:22:12.244900+00:00,132.5491,132.731,132.5849,75,sell
2025-10-24 13:22:13.469390+00:00,132.567,132.7185,132.659,46,sell
2025-10-24 13:22:14.693880+00:00,132.5793,132.712,132.6962,140,sell
2025-10-24 13:22:15.918370+00:00,132.539,132.7584,132.6547,65,buy
2025-10-24 13:22:17.142860+00:00,132.5596,132.7442,132.6597,102,buy
2025-10-24 13:22:18.367350+00:00,132.5576,132.7533,132.5298,54,sell
2025-10-24 13:22:19.591840+00:00,132.5621,132.7539,132.8823,89,buy
2025-10-24 13:22:20.816330+00:00,132.5869,132.7349,132.6576,92,buy
2025-10-24 13:22:22.040820+00:00,132.586,132.7416,132.8337,107,buy
2025-10-24 13:22:23.265310+00:00,132.5542,132.7795,132.9108,60,buy
2025-10-24 13:22:24.489800+00:00,132.5901,132.7501,132.8339,52,buy
2025-10-24 13:22:25.714290+00:00,132.5674,132.7811,132.6798,90,buy
2025-10-24 13:22:26.938780+00:00,132.5725,132.7783,132.5111,83,sell
2025-10-24 13:22:28.163270+00:00,132.5532,132.807,132.667,61,sell
2025-10-24 13:22:29.387760+00:00,132.6074,132.755,132.5462,74,sell
2025-10-24 13:22:30.612250+00:00,132.6225,132.7479,132.7938,76,buy
2025-10-24 13:22:31.836740+00:00,132.6296,132.747,132.6538,52,buy
2025-10-24 13:22:33.061230+00:00,132.5797,132.803,132.9161,81,buy
2025-10-24 13:22:34.285720+00:00,132.6061,132.7801,132.7751,31,buy
2025-10-24 13:22:35.510210+00:00,132.5904,132.8023,132.811,71,buy
2025-10-24 13:22:36.734700+00:00,132.5874,132.8121,132.746,46,buy
2025-10-24 13:22:37.959190+00:00,132.5789,132.8211,132.6031,51,sell
2025-10-24 13:22:39.183680+00:00,132.6072,132.7928,132.8845,104,buy
2025-10-24 13:22:40.408170+00:00,132.573,132.827,132.8531,75,buy
2025-10-24 13:22:41.632660+00:00,132.6043,132.7957,132.8772,97,buy
2025-10-24 13:22:42.857150+00:00,132.6278,132.7722,132.672,104,buy
2025-10-24 13:22:44.081640+00:00,132.5811,132.8189,132.8007,32,buy
2025-10-24 13:22:45.306130+00:00,132.58,132.82,132.7187,90,buy
2025-10-24 13:22:46.530620+00:00,132.5829,132.8171,132.7326,52,buy
2025-10-24 13:22:47.755110+00:00,132.6017,132.7982,132.7921,81,buy
2025-10-24 13:22:48.979600+00:00,132.6084,132.7916,132.6927,46,sell
2025-10-24 13:22:50.204090+00:00,132.578,132.822,132.8447,56,buy
2025-10-24 13:22:51.428580+00:00,132.6077,132.7923,132.5919,103,sell
2025-10-24 13:22:52.653070+00:00,132.6475,132.7525,132.703,99,buy
2025-10-24 13:22:53.877560+00:00,132.6089,132.7911,132.6811,38,buy
2025-10-24 13:22:55.102050+00:00,132.6177,132.7823,132.7039,82,buy
2025-10-24 13:22:56.326540+00:00,132.6031,132.7969,132.5051,49,sell
2025-10-24 13:22:57.551030+00:00,132.6215,132.7785,132.6466,37,sell
2025-10-24 13:22:58.775520+00:00,132.597,132.803,132.794,35,buy
2025-10-24 13:23:00+00:00,132.6159,132.7032,132.6262,60,sell
2025-10-24 13:23:01.132075+00:00,132.5564,132.7626,132.74,142,buy
2025-10-24 13:23:02.264150+00:00,132.5685,132.7568,132.6975,191,buy
2025-10-24 13:23:03.396225+00:00,132.5656,132.7605,132.8694,65,buy
2025-10-24 13:23:04.528300+00:00,132.5207,132.8059,132.9048,117,buy
2025-10-24 13:23:05.660375+00:00,132.5891,132.7399,132.4699,109,sell
2025-10-24 13:23:06.792450+00:00,132.5644,132.7653,132.6808,241,sell
2025-10-24 13:23:07.924525+00:00,132.5539,132.7792,132.6639,171,sell
2025-10-24 13:23:09.056600+00:00,132.6158,132.7199,132.5878,66,sell
2025-10-24 13:23:10.188675+00:00,132.5892,132.7461,132.776,76,buy
2025-10-24 13:23:11.320750+00:00,132.5935,132.744,132.5034,155,sell
2025-10-24 13:23:12.452825+00:00,132.5594,132.7819,132.7986,61,buy
2025-10-24 13:23:13.584900+00:00,132.5812,132.763,132.6311,181,sell
2025-10-24 13:23:14.716975+00:00,132.5852,132.7588,132.8383,201,buy
2025-10-24 13:23:15.849050+00:00,132.579,132.7672,132.7573,10,buy
2025-10-24 13:23:16.981125+00:00,132.5718,132.7773,132.6328,79,sell
2025-10-24 13:23:18.113200+00:00,132.5688,132.7801,132.7167,113,buy
2025-10-24 13:23:19.245275+00:00,132.5735,132.7799,132.7373,59,buy
2025-10-24 13:23:20.377350+00:00,132.5414,132.8102,132.7604,88,buy
2025-10-24 13:23:21.509425+00:00,132.577,132.7812,132.7791,54,buy
2025-10-24 13:23:22.641500+00:00,132.5575,132.7953,132.5844,33,sell
2025-10-24 13:23:23.773575+00:00,132.5947,132.7648,132.7201,96,buy
2025-10-24 13:23:24.905650+00:00,132.5929,132.768,132.7633,74,buy
