timestamp,bid,ask,trade_price,volume,side
2025-10-03 13:03:00+00:00,31.1405,31.1798,31.2087,0,buy
2025-10-03 13:03:00.500000+00:00,31.1377,31.1833,31.1499,0,sell
2025-10-03 13:03:01+00:00,31.1435,31.1791,31.1635,0,buy
2025-10-03 13:03:01.500000+00:00,31.1403,31.184,31.1973,0,buy
2025-10-03 13:03:02+00:00,31.1446,31.1795,31.1594,0,sell
2025-10-03 13:03:02.500000+00:00,31.1349,31.1903,31.1419,0,sell
2025-10-03 13:03:03+00:00,31.1475,31.18,31.1961,0,buy
2025-10-03 13:03:03.500000+00:00,31.1429,31.1851,31.1612,0,buy
2025-10-03 13:03:04+00:00,31.1387,31.1896,31.1645,0,buy
2025-10-03 13:03:04.500000+00:00,31.138,31.192,31.1904,0,buy
2025-10-03 13:03:05+00:00,31.143,31.1874,31.1946,0,buy
2025-10-03 13:03:05.500000+00:00,31.1482,31.1833,31.1199,0,sell
2025-10-03 13:03:06+00:00,31.1364,31.1967,31.2189,0,buy
2025-10-03 13:03:06.500000+00:00,31.1497,31.183,31.1287,0,sell
2025-10-03 13:03:07+00:00,31.1426,31.1912,31.1966,0,buy
2025-10-03 13:03:07.500000+00:00,31.1473,31.1884,31.152,0,sell
2025-10-03 13:03:08+00:00,31.1375,31.199,31.2019,0,buy
2025-10-03 13:03:08.500000+00:00,31.1517,31.1868,31.1446,0,sell
2025-10-03 13:03:09+00:00,31.1447,31.1941,31.1828,0,buy
2025-10-03 13:03:09.500000+00:00,31.1493,31.1902,31.1196,0,sell
2025-10-03 13:03:10+00:00,31.1506,31.1919,31.2042,0,buy
2025-10-03 13:03:10.500000+00:00,31.1439,31.1986,31.1674,0,sell
2025-10-03 13:03:11+00:00,31.1447,31.199,31.1789,0,buy
2025-10-03 13:03:11.500000+00:00,31.1455,31.1982,31.1647,0,sell
2025-10-03 13:03:12+00:00,31.1494,31.196,31.2132,0,buy
2025-10-03 13:03:12.500000+00:00,31.1496,31.1974,31.2243,0,buy
2025-10-03 13:03:13+00:00,31.1512,31.1959,31.1671,0,sell
2025-10-03 13:03:13.500000+00:00,31.1461,31.2032,31.2283,0,buy
2025-10-03 13:03:14+00:00,31.1454,31.2043,31.229,0,buy
2025-10-03 13:03:14.500000+00:00,31.152,31.199,31.1685,0,buy
2025-10-03 13:03:15+00:00,31.151,31.2008,31.1556,0,sell
2025-10-03 13:03:15.500000+00:00,31.1545,31.2001,31.1513,0,sell
2025-10-03 13:03:16+00:00,31.1585,31.1959,31.1743,0,sell
2025-10-03 13:03:16.500000+00:00,31.1597,31.1951,31.1777,0,sell
2025-10-03 13:03:17+00:00,31.1552,31.2019,31.205,0,buy
2025-10-03 13:03:17.500000+00:00,31.1592,31.1976,31.2218,0,buy
2025-10-03 13:03:18+00:00,31.1599,31.199,31.2153,0,buy
2025-10-03 13:03:18.500000+00:00,31.1573,31.2011,31.1325,0,sell
2025-10-03 13:03:19+00:00,31.1554,31.2045,31.2246,0,buy
2025-10-03 13:03:19.500000+00:00,31.16,31.2021,31.1339,0,sell
2025-10-03 13:03:20+00:00,31.1652,31.1984,31.193,0,sell
2025-10-03 13:03:20.500000+00:00,31.1653,31.1989,31.1811,0,sell
2025-10-03 13:03:21+00:00,31.1625,31.2026,31.1662,0,sell
2025-10-03 13:03:21.500000+00:00,31.1606,31.2054,31.2308,0,buy
2025-10-03 13:03:22+00:00,31.1598,31.2064,31.2045,0,buy
2025-10-03 13:03:22.500000+00:00,31.1653,31.2026,31.1789,0,buy
2025-10-03 13:03:23+00:00,31.1597,31.2095,31.1649,0,sell
2025-10-03 13:03:23.500000+00:00,31.1661,31.2052,31.1583,0,sell
2025-10-03 13:03:24+00:00,31.1593,31.2126,31.2415,0,buy
2025-10-03 13:03:24.500000+00:00,31.1642,31.2072,31.2366,0,buy
2025-10-03 13:03:25+00:00,31.1626,31.2114,31.2148,0,buy
2025-10-03 13:03:25.500000+00:00,31.1638,31.2107,31.1653,0,sell
2025-10-03 13:03:26+00:00,31.1576,31.2179,31.2259,0,buy
2025-10-03 13:03:26.500000+00:00,31.1608,31.2166,31.1858,0,sell
2025-10-03 13:03:27+00:00,31.1558,31.223,31.2036,0,buy
2025-10-03 13:03:27.500000+00:00,31.1703,31.2095,31.2004,0,buy
2025-10-03 13:03:28+00:00,31.17,31.2097,31.2003,0,sell
2025-10-03 13:03:28.500000+00:00,31.1665,31.2146,31.1687,0,sell
2025-10-03 13:03:29+00:00,31.1635,31.2192,31.1424,0,sell
2025-10-03 13:03:29.500000+00:00,31.1714,31.2128,31.1915,0,sell
2025-10-03 13:03:30+00:00,31.1749,31.2093,31.1977,0,sell
2025-10-03 13:03:30.500000+00:00,31.1608,31.2247,31.1951,0,buy
2025-10-03 13:03:31+00:00,31.164,31.2219,31.1423,0,sell
2025-10-03 13:03:31.500000+00:00,31.1723,31.2147,31.1648,0,sell
2025-10-03 13:03:32+00:00,31.1718,31.2176,31.2034,0,buy
2025-10-03 13:03:32.500000+00:00,31.1662,31.2246,31.2474,0,buy
2025-10-03 13:03:33+00:00,31.1721,31.2189,31.1998,0,sell
2025-10-03 13:03:33.500000+00:00,31.1728,31.22,31.157,0,sell
2025-10-03 13:03:34+00:00,31.1783,31.2151,31.1849,0,sell
2025-10-03 13:03:34.500000+00:00,31.1742,31.2196,31.2303,0,buy
2025-10-03 13:03:35+00:00,31.1816,31.214,31.2247,0,buy
2025-10-03 13:03:35.500000+00:00,31.1693,31.2281,31.2451,0,buy
2025-10-03 13:03:36+00:00,31.1698,31.2276,31.1736,0,sell
2025-10-03 13:03:36.500000+00:00,31.1761,31.2235,31.1701,0,sell
2025-10-03 13:03:37+00:00,31.1725,31.2253,31.1546,0,sell
2025-10-03 13:03:37.500000+00:00,31.1702,31.2298,31.1995,0,buy
2025-10-03 13:03:38+00:00,31.1716,31.2284,31.2244,0,buy
2025-10-03 13:03:38.500000+00:00,31.1848,31.2152,31.1754,0,sell
2025-10-03 13:03:39+00:00,31.1696,31.2304,31.2381,0,buy
2025-10-03 13:03:39.500000+00:00,31.1763,31.2237,31.2043,0,sell
2025-10-03 13:03:40+00:00,31.1846,31.2154,31.2454,0,buy
2025-10-03 13:03:40.500000+00:00,31.1769,31.2231,31.2124,0,buy
2025-10-03 13:03:41+00:00,31.1827,31.2173,31.1941,0,buy
2025-10-03 13:03:41.500000+00:00,31.1735,31.2265,31.2048,0,buy
2025-10-03 13:03:42+00:00,31.1749,31.2251,31.2155,0,buy
2025-10-03 13:03:42.500000+00:00,31.181,31.219,31.1794,0,sell
2025-10-03 13:03:43+00:00,31.1812,31.2188,31.1901,0,buy
2025-10-03 13:03:43.500000+00:00,31.1742,31.2258,31.2119,0,buy
2025-10-03 13:03:44+00:00,31.1771,31.2229,31.2144,0,buy
2025-10-03 13:03:44.500000+00:00,31.1814,31.2186,31.2304,0,buy
2025-10-03 13:03:45+00:00,31.1799,31.2201,31.2061,0,sell
2025-10-03 13:03:45.500000+00:00,31.1756,31.2244,31.2105,0,buy
2025-10-03 13:03:46+00:00,31.1737,31.2263,31.2081,0,buy
2025-10-03 13:03:46.500000+00:00,31.1731,31.2269,31.226,0,buy
2025-10-03 13:03:47+00:00,31.1837,31.2163,31.2318,0,buy
2025-10-03 13:03:47.500000+00:00,31.1702,31.2298,31.2143,0,buy
2025-10-03 13:03:48+00:00,31.1739,31.2261,31.2281,0,buy
2025-10-03 13:03:48.500000+00:00,31.1751,31.2249,31.2216,0,buy
2025-10-03 13:03:49+00:00,31.1841,31.2159,31.2082,0,buy
2025-10-03 13:03:49.500000+00:00,31.1756,31.2244,31.2132,0,buy
2025-10-03 13:03:50+00:00,31.1796,31.2204,31.2448,0,buy
2025-10-03 13:03:50.500000+00:00,31.1817,31.2183,31.1928,0,sell
2025-10-03 13:03:51+00:00,31.1766,31.2234,31.2257,0,buy
2025-10-03 13:03:51.500000+00:00,31.1697,31.2303,31.185,0,sell
2025-10-03 13:03:52+00:00,31.1815,31.2185,31.21,0,buy
2025-10-03 13:03:52.500000+00:00,31.1775,31.2225,31.1819,0,sell
2025-10-03 13:03:53+00:00,31.1831,31.2169,31.1952,0,buy
2025-10-03 13:03:53.500000+00:00,31.174,31.226,31.2048,0,buy
2025-10-03 13:03:54+00:00,31.1794,31.2206,31.2454,0,buy
2025-10-03 13:03:54.500000+00:00,31.1806,31.2194,31.2209,0,buy
2025-10-03 13:03:55+00:00,31.1753,31.2247,31.2183,0,buy
2025-10-03 13:03:55.500000+00:00,31.1768,31.2232,31.1996,0,sell
2025-10-03 13:03:56+00:00,31.1793,31.2207,31.2312,0,buy
2025-10-03 13:03:56.500000+00:00,31.1731,31.2269,31.1766,0,sell
2025-10-03 13:03:57+00:00,31.1844,31.2156,31.1649,0,sell
2025-10-03 13:03:57.500000+00:00,31.1741,31.2259,31.2213,0,buy
2025-10-03 13:03:58+00:00,31.1842,31.2158,31.2227,0,buy
2025-10-03 13:03:58.500000+00:00,31.1764,31.2236,31.2287,0,buy
2025-10-03 13:03:59+00:00,31.1769,31.2231,31.1951,0,buy
2025-10-03 13:03:59.500000+00:00,31.1823,31.2177,31.1949,0,buy
2025-10-03 13:04:00+00:00,31.1772,31.2233,31.2259,693,buy
2025-10-03 13:04:00.500000+00:00,31.1733,31.2259,31.1878,605,sell
2025-10-03 13:04:01+00:00,31.1736,31.2256,31.1954,495,sell
2025-10-03 13:04:01.500000+00:00,31.1705,31.2274,31.2268,502,buy
2025-10-03 13:04:02+00:00,31.1736,31.2244,31.2287,634,buy
2025-10-03 13:04:02.500000+00:00,31.1746,31.2233,31.1455,503,sell
2025-10-03 13:04:03+00:00,31.1796,31.2162,31.2089,459,sell
2025-10-03 13:04:03.500000+00:00,31.1696,31.2263,31.168,670,sell
2025-10-03 13:04:04+00:00,31.1744,31.2215,31.242,577,buy
2025-10-03 13:04:04.500000+00:00,31.174,31.2211,31.2271,1029,buy
2025-10-03 13:04:05+00:00,31.176,31.2188,31.231,38,buy
2025-10-03 13:04:05.500000+00:00,31.175,31.2189,31.2329,923,buy
2025-10-03 13:04:06+00:00,31.1743,31.2193,31.1924,963,sell
2025-10-03 13:04:06.500000+00:00,31.1751,31.2178,31.2257,109,buy
2025-10-03 13:04:07+00:00,31.1718,31.2211,31.1914,554,buy
2025-10-03 13:04:07.500000+00:00,31.1685,31.2236,31.1386,547,sell
2025-10-03 13:04:08+00:00,31.172,31.2195,31.1906,280,sell
2025-10-03 13:04:08.500000+00:00,31.167,31.2237,31.1577,442,sell
2025-10-03 13:04:09+00:00,31.1741,31.216,31.182,357,sell
2025-10-03 13:04:09.500000+00:00,31.1648,31.2248,31.195,1093,sell
2025-10-03 13:04:10+00:00,31.1734,31.216,31.2308,883,buy
2025-10-03 13:04:10.500000+00:00,31.1641,31.2245,31.2001,969,buy
2025-10-03 13:04:11+00:00,31.177,31.2112,31.1946,828,buy
2025-10-03 13:04:11.500000+00:00,31.1751,31.2133,31.1832,352,buy
2025-10-03 13:04:12+00:00,31.1705,31.217,31.2282,507,buy
2025-10-03 13:04:12.500000+00:00,31.1687,31.2177,31.2458,768,buy
2025-10-03 13:04:13+00:00,31.1652,31.2212,31.1632,328,sell
2025-10-03 13:04:13.500000+00:00,31.1703,31.2151,31.1495,826,sell
2025-10-03 13:04:14+00:00,31.1679,31.2162,31.1687,581,sell
2025-10-03 13:04:14.500000+00:00,31.1663,31.2177,31.1975,546,buy
2025-10-03 13:04:15+00:00,31.1711,31.212,31.1617,825,sell
2025-10-03 13:04:15.500000+00:00,31.1708,31.2124,31.2417,757,buy
2025-10-03 13:04:16+00:00,31.1614,31.2214,31.1398,550,sell
2025-10-03 13:04:16.500000+00:00,31.1707,31.2122,31.1536,940,sell
2025-10-03 13:04:17+00:00,31.1666,31.2153,31.1716,364,sell
2025-10-03 13:04:17.500000+00:00,31.1742,31.2068,31.2304,801,buy
2025-10-03 13:04:18+00:00,31.17,31.211,31.1984,795,sell
2025-10-03 13:04:18.500000+00:00,31.168,31.2112,31.1873,563,sell
2025-10-03 13:04:19+00:00,31.1634,31.2163,31.2106,726,buy
2025-10-03 13:04:19.500000+00:00,31.1569,31.2225,31.2075,321,buy
2025-10-03 13:04:20+00:00,31.1657,31.2122,31.1947,880,buy
2025-10-03 13:04:20.500000+00:00,31.1574,31.221,31.131,595,sell
2025-10-03 13:04:21+00:00,31.1655,31.2121,31.1712,508,sell
2025-10-03 13:04:21.500000+00:00,31.1594,31.2173,31.1499,912,sell
2025-10-03 13:04:22+00:00,31.1617,31.2149,31.2385,461,buy
2025-10-03 13:04:22.500000+00:00,31.1563,31.2204,31.1662,280,sell
2025-10-03 13:04:23+00:00,31.1604,31.2149,31.1717,242,sell
2025-10-03 13:04:23.500000+00:00,31.1616,31.2132,31.1774,798,sell
2025-10-03 13:04:24+00:00,31.1644,31.2096,31.2248,313,buy
2025-10-03 13:04:24.500000+00:00,31.1626,31.2107,31.2306,1094,buy
2025-10-03 13:04:25+00:00,31.1632,31.2102,31.197,107,buy
2025-10-03 13:04:25.500000+00:00,31.1567,31.2155,31.1867,1079,sell
2025-10-03 13:04:26+00:00,31.169,31.2031,31.1715,697,sell
2025-10-03 13:04:26.500000+00:00,31.1588,31.2125,31.1343,618,sell
2025-10-03 13:04:27+00:00,31.161,31.2101,31.1512,502,sell
2025-10-03 13:04:27.500000+00:00,31.1545,31.216,31.1814,745,sell
2025-10-03 13:04:28+00:00,31.1638,31.2064,31.2194,633,buy
2025-10-03 13:04:28.500000+00:00,31.1603,31.2089,31.214,926,buy
2025-10-03 13:04:29+00:00,31.1554,31.2133,31.2365,672,buy
2025-10-03 13:04:29.500000+00:00,31.1677,31.2002,31.1969,681,sell
2025-10-03 13:04:30+00:00,31.163,31.2046,31.1334,549,sell
2025-10-03 13:04:30.500000+00:00,31.1585,31.2088,31.1978,628,buy
2025-10-03 13:04:31+00:00,31.1528,31.2142,31.1494,722,sell
2025-10-03 13:04:31.500000+00:00,31.1598,31.206,31.237,203,buy
2025-10-03 13:04:32+00:00,31.1663,31.1996,31.218,296,buy
2025-10-03 13:04:32.500000+00:00,31.1697,31.1959,31.1523,834,sell
2025-10-03 13:04:33+00:00,31.1578,31.2069,31.1437,686,sell
2025-10-03 13:04:33.500000+00:00,31.1616,31.2031,31.1399,595,sell
2025-10-03 13:04:34+00:00,31.1551,31.208,31.2166,647,buy
2025-10-03 13:04:34.500000+00:00,31.1583,31.2041,31.19,732,buy
2025-10-03 13:04:35+00:00,31.1576,31.204,31.1408,504,sell
2025-10-03 13:04:35.500000+00:00,31.1567,31.2057,31.1765,442,buy
2025-10-03 13:04:36+00:00,31.1632,31.1983,31.1616,693,sell
2025-10-03 13:04:36.500000+00:00,31.1502,31.2105,31.1306,391,sell
2025-10-03 13:04:37+00:00,31.1552,31.2051,31.1767,747,sell
2025-10-03 13:04:37.500000+00:00,31.1545,31.2055,31.1623,205,sell
2025-10-03 13:04:38+00:00,31.1557,31.2044,31.1546,907,sell
2025-10-03 13:04:38.500000+00:00,31.1533,31.2067,31.1833,764,buy
2025-10-03 13:04:39+00:00,31.1598,31.2002,31.1997,708,buy
2025-10-03 13:04:39.500000+00:00,31.1482,31.2118,31.2169,895,buy
2025-10-03 13:04:40+00:00,31.1527,31.2073,31.2045,1071,buy
2025-10-03 13:04:40.500000+00:00,31.1597,31.2003,31.1737,903,buy
2025-10-03 13:04:41+00:00,31.1587,31.2013,31.1457,169,sell
2025-10-03 13:04:41.500000+00:00,31.168,31.192,31.1904,313,sell
2025-10-03 13:04:42+00:00,31.1611,31.1989,31.2292,482,buy
2025-10-03 13:04:42.500000+00:00,31.1568,31.2032,31.2031,649,buy
2025-10-03 13:04:43+00:00,31.1496,31.2104,31.119,775,sell
2025-10-03 13:04:43.500000+00:00,31.1525,31.2075,31.2086,456,buy
2025-10-03 13:04:44+00:00,31.1578,31.2022,31.1759,690,buy
2025-10-03 13:04:44.500000+00:00,31.1598,31.2002,31.1773,448,buy
2025-10-03 13:04:45+00:00,31.1482,31.2118,31.1295,485,sell
2025-10-03 13:04:45.500000+00:00,31.1536,31.2064,31.1817,281,buy
2025-10-03 13:04:46+00:00,31.1501,31.2099,31.2372,405,buy
2025-10-03 13:04:46.500000+00:00,31.1523,31.2077,31.2103,295,buy
2025-10-03 13:04:47+00:00,31.1533,31.2067,31.1721,391,sell
2025-10-03 13:04:47.500000+00:00,31.1548,31.2052,31.2249,913,buy
2025-10-03 13:04:48+00:00,31.1505,31.2095,31.1594,398,sell
2025-10-03 13:04:48.500000+00:00,31.1557,31.2043,31.1701,1319,sell
2025-10-03 13:04:49+00:00,31.1597,31.2003,31.1422,769,sell
2025-10-03 13:04:49.500000+00:00,31.1589,31.2011,31.1487,690,sell
2025-10-03 13:04:50+00:00,31.1542,31.2058,31.1541,422,sell
2025-10-03 13:04:50.500000+00:00,31.1593,31.2007,31.173,822,sell
2025-10-03 13:04:51+00:00,31.1564,31.2036,31.2148,494,buy
2025-10-03 13:04:51.500000+00:00,31.1561,31.2039,31.1747,674,buy
2025-10-03 13:04:52+00:00,31.1578,31.2022,31.172,1301,sell
2025-10-03 13:04:52.500000+00:00,31.1644,31.1956,31.1598,618,sell
2025-10-03 13:04:53+00:00,31.1623,31.1977,31.1337,938,sell
2025-10-03 13:04:53.500000+00:00,31.1635,31.1965,31.1684,462,sell
2025-10-03 13:04:54+00:00,31.1487,31.2113,31.172,633,sell
2025-10-03 13:04:54.500000+00:00,31.1588,31.2012,31.1539,1098,sell
2025-10-03 13:04:55+00:00,31.1536,31.2064,31.1355,481,sell
2025-10-03 13:04:55.500000+00:00,31.164,31.196,31.1722,1108,sell
2025-10-03 13:04:56+00:00,31.1595,31.2005,31.185,824,sell
2025-10-03 13:04:56.500000+00:00,31.1548,31.2052,31.1889,498,buy
2025-10-03 13:04:57+00:00,31.1567,31.2033,31.2264,805,buy
2025-10-03 13:04:57.500000+00:00,31.1511,31.2089,31.2098,892,buy
2025-10-03 13:04:58+00:00,31.1512,31.2088,31.202,802,buy
2025-10-03 13:04:58.500000+00:00,31.1648,31.1952,31.1497,239,sell
2025-10-03 13:04:59+00:00,31.1627,31.1973,31.1397,455,sell
2025-10-03 13:04:59.500000+00:00,31.1512,31.2088,31.1483,579,sell
2025-10-03 13:05:00+00:00,31.1601,31.2199,31.2201,323,buy
2025-10-03 13:05:00.500000+00:00,31.1634,31.2154,31.1933,480,buy
2025-10-03 13:05:01+00:00,31.1688,31.2099,31.1871,154,buy
2025-10-03 13:05:01.500000+00:00,31.1662,31.2112,31.1693,501,sell
2025-10-03 13:05:02+00:00,31.1651,31.2112,31.2116,423,buy
2025-10-03 13:05:02.500000+00:00,31.1623,31.2136,31.189,520,buy
2025-10-03 13:05:03+00:00,31.1701,31.2055,31.1794,464,sell
2025-10-03 13:05:03.500000+00:00,31.1611,31.2135,31.1861,659,buy
2025-10-03 13:05:04+00:00,31.1643,31.2091,31.24,447,buy
2025-10-03 13:05:04.500000+00:00,31.156,31.2167,31.2289,353,buy
2025-10-03 13:05:05+00:00,31.1654,31.2064,31.1381,447,sell
2025-10-03 13:05:05.500000+00:00,31.1639,31.2078,31.1949,519,sell
2025-10-03 13:05:06+00:00,31.1598,31.2107,31.2184,434,buy
2025-10-03 13:05:06.500000+00:00,31.1559,31.2138,31.1513,433,sell
2025-10-03 13:05:07+00:00,31.1675,31.2015,31.1961,306,buy
2025-10-03 13:05:07.500000+00:00,31.1616,31.2063,31.1762,313,sell
2025-10-03 13:05:08+00:00,31.1628,31.2042,31.1892,187,buy
2025-10-03 13:05:08.500000+00:00,31.1718,31.1944,31.1492,724,sell
2025-10-03 13:05:09+00:00,31.1663,31.1992,31.1831,214,buy
2025-10-03 13:05:09.500000+00:00,31.1581,31.2066,31.1769,308,sell
2025-10-03 13:05:10+00:00,31.1587,31.2054,31.2084,303,buy
2025-10-03 13:05:10.500000+00:00,31.1554,31.2076,31.1769,579,sell
2025-10-03 13:05:11+00:00,31.158,31.2045,31.1936,376,buy
2025-10-03 13:05:11.500000+00:00,31.1617,31.1997,31.1602,639,sell
2025-10-03 13:05:12+00:00,31.1634,31.1973,31.1811,311,sell
2025-10-03 13:05:12.500000+00:00,31.1638,31.1955,31.1922,473,sell
2025-10-03 13:05:13+00:00,31.1594,31.1999,31.1555,283,sell
2025-10-03 13:05:13.500000+00:00,31.1509,31.2074,31.2287,792,buy
2025-10-03 13:05:14+00:00,31.1454,31.2123,31.17,223,sell
2025-10-03 13:05:14.500000+00:00,31.1573,31.1984,31.1644,479,sell
2025-10-03 13:05:15+00:00,31.1547,31.2017,31.2166,534,buy
2025-10-03 13:05:15.500000+00:00,31.1576,31.1973,31.1688,496,sell
2025-10-03 13:05:16+00:00,31.1556,31.1989,31.1685,394,buy
2025-10-03 13:05:16.500000+00:00,31.1523,31.2008,31.1671,404,sell
2025-10-03 13:05:17+00:00,31.1593,31.1935,31.2106,433,buy
2025-10-03 13:05:17.500000+00:00,31.1569,31.1946,31.1373,401,sell
2025-10-03 13:05:18+00:00,31.1465,31.2043,31.1744,590,buy
2025-10-03 13:05:18.500000+00:00,31.1486,31.2021,31.2313,803,buy
2025-10-03 13:05:19+00:00,31.1466,31.2027,31.1393,331,sell
2025-10-03 13:05:19.500000+00:00,31.1545,31.1941,31.1705,192,buy
2025-10-03 13:05:20+00:00,31.1444,31.2036,31.1463,411,sell
2025-10-03 13:05:20.500000+00:00,31.1476,31.1995,31.2288,866,buy
2025-10-03 13:05:21+00:00,31.1527,31.1935,31.1591,289,sell
2025-10-03 13:05:21.500000+00:00,31.145,31.2004,31.1604,705,sell
2025-10-03 13:05:22+00:00,31.1467,31.1985,31.1884,712,buy
2025-10-03 13:05:22.500000+00:00,31.1434,31.2002,31.1263,331,sell
2025-10-03 13:05:23+00:00,31.153,31.19,31.197,523,buy
2025-10-03 13:05:23.500000+00:00,31.157,31.1854,31.1409,704,sell
2025-10-03 13:05:24+00:00,31.1485,31.1931,31.1575,361,sell
2025-10-03 13:05:24.500000+00:00,31.1483,31.1925,31.2122,391,buy
2025-10-03 13:05:25+00:00,31.1473,31.1925,31.1449,327,sell
2025-10-03 13:05:25.500000+00:00,31.1446,31.194,31.1588,253,sell
2025-10-03 13:05:26+00:00,31.1428,31.1957,31.1986,315,buy
2025-10-03 13:05:26.500000+00:00,31.1396,31.1973,31.1668,217,sell
2025-10-03 13:05:27+00:00,31.143,31.1935,31.1252,432,sell
2025-10-03 13:05:27.500000+00:00,31.1474,31.188,31.1686,295,sell
2025-10-03 13:05:28+00:00,31.1426,31.1922,31.1431,466,sell
2025-10-03 13:05:28.500000+00:00,31.1357,31.1984,31.2024,161,buy
2025-10-03 13:05:29+00:00,31.1398,31.1936,31.156,482,sell
2025-10-03 13:05:29.500000+00:00,31.1411,31.1914,31.189,568,buy
2025-10-03 13:05:30+00:00,31.1436,31.1884,31.1252,86,sell
2025-10-03 13:05:30.500000+00:00,31.1461,31.1849,31.1606,490,sell
2025-10-03 13:05:31+00:00,31.1472,31.1827,31.2004,635,buy
2025-10-03 13:05:31.500000+00:00,31.1393,31.1902,31.1085,220,sell
2025-10-03 13:05:32+00:00,31.1447,31.1841,31.1364,711,sell
2025-10-03 13:05:32.500000+00:00,31.1372,31.19,31.1681,497,buy
2025-10-03 13:05:33+00:00,31.1367,31.1902,31.1285,306,sell
2025-10-03 13:05:33.500000+00:00,31.1415,31.1847,31.1986,416,buy
2025-10-03 13:05:34+00:00,31.1381,31.1869,31.1815,521,buy
2025-10-03 13:05:34.500000+00:00,31.1346,31.1901,31.1037,439,sell
2025-10-03 13:05:35+00:00,31.1455,31.178,31.1201,518,sell
2025-10-03 13:05:35.500000+00:00,31.1321,31.1907,31.1309,269,sell
2025-10-03 13:05:36+00:00,31.1402,31.1817,31.144,455,sell
2025-10-03 13:05:36.500000+00:00,31.1363,31.1848,31.1428,185,sell
2025-10-03 13:05:37+00:00,31.1318,31.1882,31.2084,407,buy
2025-10-03 13:05:37.500000+00:00,31.1339,31.1861,31.1075,272,sell
2025-10-03 13:05:38+00:00,31.1374,31.1826,31.1504,300,sell
2025-10-03 13:05:38.500000+00:00,31.1387,31.1813,31.1398,637,sell
2025-10-03 13:05:39+00:00,31.142,31.178,31.1739,612,buy
2025-10-03 13:05:39.500000+00:00,31.1375,31.1825,31.165,530,buy
2025-10-03 13:05:40+00:00,31.1296,31.1904,31.1565,240,sell
2025-10-03 13:05:40.500000+00:00,31.1337,31.1863,31.1288,372,sell
2025-10-03 13:05:41+00:00,31.1309,31.1891,31.1835,633,buy
2025-10-03 13:05:41.500000+00:00,31.1339,31.1861,31.1267,450,sell
2025-10-03 13:05:42+00:00,31.1278,31.1922,31.1836,821,buy
2025-10-03 13:05:42.500000+00:00,31.1294,31.1906,31.161,493,buy
2025-10-03 13:05:43+00:00,31.136,31.184,31.2115,459,buy
2025-10-03 13:05:43.500000+00:00,31.1449,31.1751,31.1707,373,buy
2025-10-03 13:05:44+00:00,31.1342,31.1858,31.1332,449,sell
2025-10-03 13:05:44.500000+00:00,31.1391,31.1809,31.1547,400,buy
2025-10-03 13:05:45+00:00,31.1368,31.1832,31.1976,547,buy
2025-10-03 13:05:45.500000+00:00,31.1283,31.1917,31.1071,589,sell
2025-10-03 13:05:46+00:00,31.1413,31.1787,31.1511,292,sell
2025-10-03 13:05:46.500000+00:00,31.1352,31.1848,31.1084,199,sell
2025-10-03 13:05:47+00:00,31.1371,31.1829,31.1671,113,buy
2025-10-03 13:05:47.500000+00:00,31.1376,31.1824,31.122,513,sell
2025-10-03 13:05:48+00:00,31.1324,31.1876,31.2049,238,buy
2025-10-03 13:05:48.500000+00:00,31.1404,31.1796,31.1788,59,buy
2025-10-03 13:05:49+00:00,31.148,31.172,31.197,492,buy
2025-10-03 13:05:49.500000+00:00,31.1325,31.1875,31.1977,851,buy
2025-10-03 13:05:50+00:00,31.1363,31.1837,31.1084,425,sell
2025-10-03 13:05:50.500000+00:00,31.1342,31.1858,31.1708,569,buy
2025-10-03 13:05:51+00:00,31.1329,31.1871,31.1912,440,buy
2025-10-03 13:05:51.500000+00:00,31.1425,31.1775,31.1719,409,sell
2025-10-03 13:05:52+00:00,31.1442,31.1758,31.1541,583,buy
2025-10-03 13:05:52.500000+00:00,31.1312,31.1888,31.1733,376,buy
2025-10-03 13:05:53+00:00,31.1357,31.1843,31.1117,471,sell
2025-10-03 13:05:53.500000+00:00,31.1313,31.1887,31.1451,481,sell
2025-10-03 13:05:54+00:00,31.1358,31.1842,31.1098,312,sell
2025-10-03 13:05:54.500000+00:00,31.1383,31.1817,31.1374,595,sell
2025-10-03 13:05:55+00:00,31.1346,31.1854,31.1291,396,sell
2025-10-03 13:05:55.500000+00:00,31.1324,31.1876,31.1352,297,sell
2025-10-03 13:05:56+00:00,31.1365,31.1835,31.134,517,sell
2025-10-03 13:05:56.500000+00:00,31.14,31.18,31.1978,273,buy
2025-10-03 13:05:57+00:00,31.1396,31.1804,31.1698,431,buy
2025-10-03 13:05:57.500000+00:00,31.1404,31.1796,31.1416,424,sell
2025-10-03 13:05:58+00:00,31.1351,31.1849,31.1582,611,sell
2025-10-03 13:05:58.500000+00:00,31.1378,31.1822,31.1791,507,buy
2025-10-03 13:05:59+00:00,31.1325,31.1875,31.1324,422,sell
2025-10-03 13:05:59.500000+00:00,31.137,31.183,31.1928,565,buy
2025-10-03 13:06:00+00:00,31.1352,31.1846,31.1309,239,sell
2025-10-03 13:06:00.500000+00:00,31.1355,31.1847,31.1898,292,buy
2025-10-03 13:06:01+00:00,31.1303,31.1892,31.142,166,sell
2025-10-03 13:06:01.500000+00:00,31.1437,31.1749,31.1541,161,buy
2025-10-03 13:06:02+00:00,31.1414,31.1778,31.1318,178,sell
2025-10-03 13:06:02.500000+00:00,31.1368,31.1816,31.152,254,buy
2025-10-03 13:06:03+00:00,31.1301,31.1891,31.1623,109,buy
2025-10-03 13:06:03.500000+00:00,31.1294,31.1892,31.1774,190,buy
2025-10-03 13:06:04+00:00,31.131,31.1867,31.1691,241,buy
2025-10-03 13:06:04.500000+00:00,31.1281,31.19,31.1253,208,sell
2025-10-03 13:06:05+00:00,31.1391,31.1783,31.1097,186,sell
2025-10-03 13:06:05.500000+00:00,31.1333,31.184,31.1622,242,sell
2025-10-03 13:06:06+00:00,31.1372,31.1798,31.1728,14,buy
2025-10-03 13:06:06.500000+00:00,31.1352,31.1809,31.1512,220,buy
2025-10-03 13:06:07+00:00,31.1358,31.1801,31.2051,128,buy
2025-10-03 13:06:07.500000+00:00,31.1273,31.189,31.2175,46,buy
2025-10-03 13:06:08+00:00,31.1312,31.1844,31.1515,208,sell
2025-10-03 13:06:08.500000+00:00,31.1358,31.1794,31.1226,268,sell
2025-10-03 13:06:09+00:00,31.1345,31.1803,31.1703,163,buy
2025-10-03 13:06:09.500000+00:00,31.1321,31.183,31.1105,239,sell
2025-10-03 13:06:10+00:00,31.1263,31.1892,31.147,285,sell
2025-10-03 13:06:10.500000+00:00,31.1232,31.1908,31.1784,264,buy
2025-10-03 13:06:11+00:00,31.1374,31.1767,31.1669,287,buy
2025-10-03 13:06:11.500000+00:00,31.1367,31.1777,31.2067,224,buy
2025-10-03 13:06:12+00:00,31.1426,31.1709,31.1202,178,sell
2025-10-03 13:06:12.500000+00:00,31.1299,31.1836,31.1915,62,buy
2025-10-03 13:06:13+00:00,31.1447,31.1678,31.1684,156,sell
2025-10-03 13:06:13.500000+00:00,31.1344,31.1785,31.1387,114,sell
2025-10-03 13:06:14+00:00,31.1386,31.1738,31.1451,324,buy
2025-10-03 13:06:14.500000+00:00,31.1306,31.182,31.1333,161,sell
2025-10-03 13:06:15+00:00,31.1317,31.1808,31.1547,182,sell
2025-10-03 13:06:15.500000+00:00,31.1308,31.1819,31.2,211,buy
2025-10-03 13:06:16+00:00,31.1312,31.1804,31.204,176,buy
2025-10-03 13:06:16.500000+00:00,31.1339,31.1774,31.112,291,sell
2025-10-03 13:06:17+00:00,31.1303,31.1806,31.153,130,sell
2025-10-03 13:06:17.500000+00:00,31.132,31.1785,31.1242,186,sell
2025-10-03 13:06:18+00:00,31.1361,31.1744,31.129,121,sell
2025-10-03 13:06:18.500000+00:00,31.1347,31.1753,31.1342,81,sell
2025-10-03 13:06:19+00:00,31.1266,31.1832,31.1209,131,sell
2025-10-03 13:06:19.500000+00:00,31.1306,31.1794,31.1471,170,sell
2025-10-03 13:06:20+00:00,31.1285,31.1804,31.156,143,buy
2025-10-03 13:06:20.500000+00:00,31.1309,31.1785,31.1271,125,sell
2025-10-03 13:06:21+00:00,31.1285,31.1808,31.155,75,sell
2025-10-03 13:06:21.500000+00:00,31.1446,31.1638,31.1624,167,buy
2025-10-03 13:06:22+00:00,31.125,31.1823,31.1023,69,sell
2025-10-03 13:06:22.500000+00:00,31.126,31.1816,31.1728,226,buy
2025-10-03 13:06:23+00:00,31.1336,31.1745,31.203,179,buy
2025-10-03 13:06:23.500000+00:00,31.1263,31.1811,31.2121,72,buy
2025-10-03 13:06:24+00:00,31.1255,31.1812,31.1509,152,buy
2025-10-03 13:06:24.500000+00:00,31.1275,31.1791,31.1484,121,sell
2025-10-03 13:06:25+00:00,31.1331,31.1738,31.1498,195,sell
2025-10-03 13:06:25.500000+00:00,31.1279,31.1786,31.1444,266,sell
2025-10-03 13:06:26+00:00,31.128,31.178,31.1772,43,buy
2025-10-03 13:06:26.500000+00:00,31.1244,31.1812,31.1754,181,buy
2025-10-03 13:06:27+00:00,31.1325,31.1729,31.1486,162,buy
2025-10-03 13:06:27.500000+00:00,31.1297,31.1751,31.1576,220,sell
2025-10-03 13:06:28+00:00,31.1383,31.1673,31.1673,188,buy
2025-10-03 13:06:28.500000+00:00,31.1279,31.1766,31.1408,121,sell
2025-10-03 13:06:29+00:00,31.1366,31.1683,31.1546,151,buy
2025-10-03 13:06:29.500000+00:00,31.1326,31.1722,31.1593,118,sell
2025-10-03 13:06:30+00:00,31.1249,31.1794,31.1779,248,buy
2025-10-03 13:06:30.500000+00:00,31.1293,31.1742,31.1829,174,buy
2025-10-03 13:06:31+00:00,31.1281,31.1754,31.1846,305,buy
2025-10-03 13:06:31.500000+00:00,31.1269,31.1762,31.2004,169,buy
2025-10-03 13:06:32+00:00,31.142,31.1605,31.1497,124,sell
2025-10-03 13:06:32.500000+00:00,31.1271,31.1755,31.1869,68,buy
2025-10-03 13:06:33+00:00,31.1238,31.178,31.1427,48,sell
2025-10-03 13:06:33.500000+00:00,31.1324,31.17,31.1337,63,sell
2025-10-03 13:06:34+00:00,31.1256,31.176,31.1758,192,buy
2025-10-03 13:06:34.500000+00:00,31.1298,31.1717,31.1489,208,buy
2025-10-03 13:06:35+00:00,31.1297,31.1716,31.1184,63,sell
2025-10-03 13:06:35.500000+00:00,31.1263,31.1745,31.1752,235,buy
2025-10-03 13:06:36+00:00,31.1286,31.1723,31.0977,139,sell
2025-10-03 13:06:36.500000+00:00,31.126,31.1742,31.1892,183,buy
2025-10-03 13:06:37+00:00,31.1299,31.1705,31.1562,285,buy
2025-10-03 13:06:37.500000+00:00,31.1277,31.1716,31.1161,235,sell
2025-10-03 13:06:38+00:00,31.1252,31.1744,31.2,154,buy
2025-10-03 13:06:38.500000+00:00,31.1258,31.1743,31.2032,111,buy
2025-10-03 13:06:39+00:00,31.1247,31.1739,31.1177,24,sell
2025-10-03 13:06:39.500000+00:00,31.1286,31.1699,31.1413,123,sell
2025-10-03 13:06:40+00:00,31.1215,31.1772,31.1377,158,sell
2025-10-03 13:06:40.500000+00:00,31.12,31.1783,31.1326,104,sell
2025-10-03 13:06:41+00:00,31.1286,31.1695,31.1375,164,sell
2025-10-03 13:06:41.500000+00:00,31.1271,31.1708,31.1621,178,buy
2025-10-03 13:06:42+00:00,31.1255,31.1722,31.1696,157,buy
2025-10-03 13:06:42.500000+00:00,31.1226,31.175,31.1668,128,buy
2025-10-03 13:06:43+00:00,31.1275,31.1695,31.1223,185,sell
2025-10-03 13:06:43.500000+00:00,31.1256,31.1709,31.1474,204,sell
2025-10-03 13:06:44+00:00,31.122,31.1746,31.1457,97,sell
2025-10-03 13:06:44.500000+00:00,31.1304,31.1665,31.1775,271,buy
2025-10-03 13:06:45+00:00,31.1318,31.164,31.1734,166,buy
2025-10-03 13:06:45.500000+00:00,31.1204,31.1748,31.1089,174,sell
2025-10-03 13:06:46+00:00,31.13,31.1657,31.1113,222,sell
2025-10-03 13:06:46.500000+00:00,31.1164,31.1785,31.1032,189,sell
2025-10-03 13:06:47+00:00,31.1261,31.1677,31.1687,239,buy
2025-10-03 13:06:47.500000+00:00,31.1248,31.17,31.1909,193,buy
2025-10-03 13:06:48+00:00,31.1247,31.1693,31.1187,130,sell
2025-10-03 13:06:48.500000+00:00,31.1282,31.1657,31.1341,198,sell
2025-10-03 13:06:49+00:00,31.1236,31.1702,31.1248,94,sell
2025-10-03 13:06:49.500000+00:00,31.1246,31.1689,31.1129,181,sell
2025-10-03 13:06:50+00:00,31.12,31.1734,31.1496,171,sell
2025-10-03 13:06:50.500000+00:00,31.1196,31.173,31.1429,159,buy
2025-10-03 13:06:51+00:00,31.1199,31.1729,31.1583,164,buy
2025-10-03 13:06:51.500000+00:00,31.12,31.1722,31.1593,42,buy
2025-10-03 13:06:52+00:00,31.1223,31.17,31.162,135,buy
2025-10-03 13:06:52.500000+00:00,31.1154,31.1766,31.1641,179,buy
2025-10-03 13:06:53+00:00,31.1214,31.1697,31.0918,184,sell
2025-10-03 13:06:53.500000+00:00,31.1222,31.1694,31.1399,102,sell
2025-10-03 13:06:54+00:00,31.1231,31.1677,31.1554,261,buy
2025-10-03 13:06:54.500000+00:00,31.1152,31.1758,31.1589,113,buy
2025-10-03 13:06:55+00:00,31.1224,31.1682,31.1208,240,sell
2025-10-03 13:06:55.500000+00:00,31.1298,31.1611,31.1897,203,buy
2025-10-03 13:06:56+00:00,31.1214,31.1684,31.095,128,sell
2025-10-03 13:06:56.500000+00:00,31.1203,31.1692,31.1521,296,buy
2025-10-03 13:06:57+00:00,31.1231,31.1663,31.1406,90,sell
2025-10-03 13:06:57.500000+00:00,31.1226,31.1664,31.1006,237,sell
2025-10-03 13:06:58+00:00,31.1189,31.1702,31.1811,242,buy
2025-10-03 13:06:58.500000+00:00,31.1153,31.1726,31.163,126,buy
2025-10-03 13:06:59+00:00,31.1217,31.1662,31.1459,270,sell
2025-10-03 13:06:59.500000+00:00,31.1182,31.1693,31.091,156,sell
2025-10-03 13:07:00+00:00,31.1218,31.178,31.0972,224,sell
2025-10-03 13:07:00.500000+00:00,31.1253,31.1745,31.2023,406,buy
2025-10-03 13:07:01+00:00,31.123,31.1749,31.1804,392,buy
2025-10-03 13:07:01.500000+00:00,31.1239,31.1738,31.1351,524,sell
2025-10-03 13:07:02+00:00,31.1264,31.171,31.111,423,sell
2025-10-03 13:07:02.500000+00:00,31.1248,31.1711,31.1533,133,sell
2025-10-03 13:07:03+00:00,31.1189,31.1762,31.1869,477,buy
2025-10-03 13:07:03.500000+00:00,31.1253,31.1689,31.1005,201,sell
2025-10-03 13:07:04+00:00,31.1235,31.17,31.1855,284,buy
2025-10-03 13:07:04.500000+00:00,31.124,31.1691,31.1199,369,sell
2025-10-03 13:07:05+00:00,31.1243,31.167,31.0938,604,sell
2025-10-03 13:07:05.500000+00:00,31.1299,31.1616,31.137,753,sell
2025-10-03 13:07:06+00:00,31.1276,31.1623,31.1022,417,sell
2025-10-03 13:07:06.500000+00:00,31.1181,31.1713,31.1948,311,buy
2025-10-03 13:07:07+00:00,31.1246,31.164,31.1483,407,buy
2025-10-03 13:07:07.500000+00:00,31.1239,31.1642,31.1616,455,buy
2025-10-03 13:07:08+00:00,31.1168,31.1699,31.0907,292,sell
2025-10-03 13:07:08.500000+00:00,31.1129,31.1735,31.134,577,sell
2025-10-03 13:07:09+00:00,31.1174,31.1687,31.1201,366,sell
2025-10-03 13:07:09.500000+00:00,31.1166,31.1677,31.175,402,buy
2025-10-03 13:07:10+00:00,31.1145,31.1694,31.0877,425,sell
2025-10-03 13:07:10.500000+00:00,31.1139,31.1689,31.1952,392,buy
2025-10-03 13:07:11+00:00,31.1128,31.1696,31.1614,448,buy
2025-10-03 13:07:11.500000+00:00,31.1063,31.1751,31.1167,253,sell
2025-10-03 13:07:12+00:00,31.1179,31.1625,31.1023,260,sell
2025-10-03 13:07:12.500000+00:00,31.1098,31.1701,31.1053,188,sell
2025-10-03 13:07:13+00:00,31.1071,31.1724,31.08,395,sell
2025-10-03 13:07:13.500000+00:00,31.1193,31.1589,31.1064,440,sell
2025-10-03 13:07:14+00:00,31.1173,31.1604,31.1605,397,buy
2025-10-03 13:07:14.500000+00:00,31.115,31.1613,31.1607,561,buy
2025-10-03 13:07:15+00:00,31.1167,31.1588,31.1018,335,sell
2025-10-03 13:07:15.500000+00:00,31.1075,31.1677,31.1465,425,buy
2025-10-03 13:07:16+00:00,31.1103,31.1644,31.1218,189,sell
2025-10-03 13:07:16.500000+00:00,31.1118,31.1617,31.1485,283,buy
2025-10-03 13:07:17+00:00,31.118,31.1545,31.1202,429,sell
2025-10-03 13:07:17.500000+00:00,31.1164,31.1554,31.1463,450,buy
2025-10-03 13:07:18+00:00,31.1097,31.1609,31.1867,296,buy
2025-10-03 13:07:18.500000+00:00,31.1093,31.1611,31.0985,326,sell
2025-10-03 13:07:19+00:00,31.1111,31.1586,31.1345,131,sell
2025-10-03 13:07:19.500000+00:00,31.1212,31.1472,31.1405,288,buy
2025-10-03 13:07:20+00:00,31.1096,31.158,31.1803,455,buy
2025-10-03 13:07:20.500000+00:00,31.0962,31.1708,31.1172,413,sell
2025-10-03 13:07:21+00:00,31.1077,31.1583,31.1652,403,buy
2025-10-03 13:07:21.500000+00:00,31.1065,31.1588,31.1697,342,buy
2025-10-03 13:07:22+00:00,31.1066,31.1585,31.1347,336,buy
2025-10-03 13:07:22.500000+00:00,31.1128,31.1509,31.1198,247,buy
2025-10-03 13:07:23+00:00,31.1035,31.1593,31.0824,429,sell
2025-10-03 13:07:23.500000+00:00,31.1033,31.1586,31.1286,392,buy
2025-10-03 13:07:24+00:00,31.1107,31.1508,31.1335,402,buy
2025-10-03 13:07:24.500000+00:00,31.1127,31.1477,31.1194,265,sell
2025-10-03 13:07:25+00:00,31.1128,31.1466,31.1753,46,buy
2025-10-03 13:07:25.500000+00:00,31.1089,31.1503,31.1125,483,sell
2025-10-03 13:07:26+00:00,31.1133,31.1452,31.1255,271,sell
2025-10-03 13:07:26.500000+00:00,31.114,31.1431,31.0935,220,sell
2025-10-03 13:07:27+00:00,31.1169,31.139,31.1251,429,sell
2025-10-03 13:07:27.500000+00:00,31.1046,31.1513,31.0807,283,sell
2025-10-03 13:07:28+00:00,31.1083,31.1463,31.1241,478,buy
2025-10-03 13:07:28.500000+00:00,31.1026,31.1517,31.0843,418,sell
2025-10-03 13:07:29+00:00,31.099,31.1537,31.1541,427,buy
2025-10-03 13:07:29.500000+00:00,31.1041,31.1486,31.1186,152,buy
2025-10-03 13:07:30+00:00,31.09,31.1612,31.1018,498,sell
2025-10-03 13:07:30.500000+00:00,31.1074,31.1437,31.1131,371,buy
2025-10-03 13:07:31+00:00,31.1003,31.1496,31.1203,286,sell
2025-10-03 13:07:31.500000+00:00,31.0929,31.156,31.092,355,sell
2025-10-03 13:07:32+00:00,31.0957,31.1526,31.076,97,sell
2025-10-03 13:07:32.500000+00:00,31.1035,31.1443,31.1273,390,sell
2025-10-03 13:07:33+00:00,31.1038,31.143,31.1619,197,buy
2025-10-03 13:07:33.500000+00:00,31.1,31.1461,31.0816,154,sell
2025-10-03 13:07:34+00:00,31.0956,31.1502,31.0686,131,sell
2025-10-03 13:07:34.500000+00:00,31.1091,31.1348,31.0826,485,sell
2025-10-03 13:07:35+00:00,31.0931,31.151,31.1819,251,buy
2025-10-03 13:07:35.500000+00:00,31.1003,31.1424,31.0892,542,sell
2025-10-03 13:07:36+00:00,31.1004,31.1412,31.1143,263,buy
2025-10-03 13:07:36.500000+00:00,31.1026,31.1381,31.1359,106,buy
2025-10-03 13:07:37+00:00,31.0926,31.1477,31.062,185,sell
2025-10-03 13:07:37.500000+00:00,31.0907,31.1493,31.1594,502,buy
2025-10-03 13:07:38+00:00,31.0976,31.1424,31.1146,315,sell
2025-10-03 13:07:38.500000+00:00,31.0967,31.1433,31.0697,262,sell
2025-10-03 13:07:39+00:00,31.0945,31.1455,31.1102,357,sell
2025-10-03 13:07:39.500000+00:00,31.0899,31.1501,31.091,403,sell
2025-10-03 13:07:40+00:00,31.0947,31.1453,31.1098,486,sell
2025-10-03 13:07:40.500000+00:00,31.1007,31.1393,31.1203,530,buy
2025-10-03 13:07:41+00:00,31.0953,31.1447,31.1114,287,sell
2025-10-03 13:07:41.500000+00:00,31.0945,31.1455,31.1041,157,sell
2025-10-03 13:07:42+00:00,31.0958,31.1442,31.0744,280,sell
2025-10-03 13:07:42.500000+00:00,31.0923,31.1477,31.1057,370,sell
2025-10-03 13:07:43+00:00,31.1006,31.1394,31.1233,206,buy
2025-10-03 13:07:43.500000+00:00,31.0997,31.1403,31.1356,207,buy
2025-10-03 13:07:44+00:00,31.0966,31.1434,31.1171,382,buy
2025-10-03 13:07:44.500000+00:00,31.0924,31.1476,31.0852,329,sell
2025-10-03 13:07:45+00:00,31.0943,31.1457,31.0801,340,sell
2025-10-03 13:07:45.500000+00:00,31.0919,31.1482,31.0772,234,sell
2025-10-03 13:07:46+00:00,31.0959,31.1441,31.1298,305,buy
2025-10-03 13:07:46.500000+00:00,31.0941,31.1459,31.158,211,buy
2025-10-03 13:07:47+00:00,31.0945,31.1455,31.1556,455,buy
2025-10-03 13:07:47.500000+00:00,31.103,31.137,31.1203,475,sell
2025-10-03 13:07:48+00:00,31.0999,31.1401,31.1525,87,buy
2025-10-03 13:07:48.500000+00:00,31.0939,31.1461,31.1418,211,buy
2025-10-03 13:07:49+00:00,31.095,31.145,31.1554,134,buy
2025-10-03 13:07:49.500000+00:00,31.104,31.136,31.1608,248,buy
2025-10-03 13:07:50+00:00,31.0982,31.1418,31.1291,324,sell
2025-10-03 13:07:50.500000+00:00,31.0932,31.1468,31.1147,141,sell
2025-10-03 13:07:51+00:00,31.0945,31.1455,31.1203,212,buy
2025-10-03 13:07:51.500000+00:00,31.1038,31.1362,31.093,201,sell
2025-10-03 13:07:52+00:00,31.0931,31.1469,31.1241,363,sell
2025-10-03 13:07:52.500000+00:00,31.0938,31.1462,31.1176,345,buy
2025-10-03 13:07:53+00:00,31.1014,31.1386,31.1299,238,buy
2025-10-03 13:07:53.500000+00:00,31.0978,31.1422,31.1019,359,sell
2025-10-03 13:07:54+00:00,31.0916,31.1484,31.1181,262,buy
2025-10-03 13:07:54.500000+00:00,31.1028,31.1372,31.1105,299,sell
2025-10-03 13:07:55+00:00,31.0949,31.1451,31.1026,560,sell
2025-10-03 13:07:55.500000+00:00,31.0916,31.1484,31.097,516,sell
2025-10-03 13:07:56+00:00,31.096,31.144,31.0924,161,sell
2025-10-03 13:07:56.500000+00:00,31.0965,31.1435,31.0897,447,sell
2025-10-03 13:07:57+00:00,31.0943,31.1457,31.121,445,sell
2025-10-03 13:07:57.500000+00:00,31.1032,31.1368,31.1385,181,buy
2025-10-03 13:07:58+00:00,31.0937,31.1463,31.066,446,sell
2025-10-03 13:07:58.500000+00:00,31.0925,31.1475,31.1034,542,sell
2025-10-03 13:07:59+00:00,31.1016,31.1384,31.0809,185,sell
2025-10-03 13:07:59.500000+00:00,31.0897,31.1503,31.1016,212,sell
2025-10-03 13:08:00+00:00,31.0952,31.1452,31.132,383,buy
2025-10-03 13:08:00.500000+00:00,31.1,31.1414,31.1289,333,buy
2025-10-03 13:08:01+00:00,31.1037,31.1376,31.1137,379,buy
2025-10-03 13:08:01.500000+00:00,31.0885,31.1537,31.1788,393,buy
2025-10-03 13:08:02+00:00,31.0926,31.1511,31.1195,391,sell
2025-10-03 13:08:02.500000+00:00,31.103,31.1417,31.1071,668,sell
2025-10-03 13:08:03+00:00,31.0958,31.1493,31.1385,279,buy
2025-10-03 13:08:03.500000+00:00,31.098,31.1473,31.1677,545,buy
2025-10-03 13:08:04+00:00,31.1009,31.1464,31.0986,745,sell
2025-10-03 13:08:04.500000+00:00,31.0997,31.1473,31.1772,398,buy
2025-10-03 13:08:05+00:00,31.0935,31.1544,31.1643,357,buy
2025-10-03 13:08:05.500000+00:00,31.0984,31.1507,31.1259,455,buy
2025-10-03 13:08:06+00:00,31.1006,31.1497,31.177,738,buy
2025-10-03 13:08:06.500000+00:00,31.1079,31.143,31.138,540,sell
2025-10-03 13:08:07+00:00,31.1113,31.1402,31.1123,394,buy
2025-10-03 13:08:07.500000+00:00,31.1068,31.1455,31.1042,598,sell
2025-10-03 13:08:08+00:00,31.1005,31.1524,31.1572,280,buy
2025-10-03 13:08:08.500000+00:00,31.1099,31.1441,31.1642,638,buy
2025-10-03 13:08:09+00:00,31.1038,31.1497,31.1411,583,buy
2025-10-03 13:08:09.500000+00:00,31.0981,31.1571,31.0874,439,sell
2025-10-03 13:08:10+00:00,31.1119,31.1444,31.0945,333,sell
2025-10-03 13:08:10.500000+00:00,31.1181,31.1384,31.1576,323,buy
2025-10-03 13:08:11+00:00,31.1075,31.1504,31.1381,608,buy
2025-10-03 13:08:11.500000+00:00,31.1005,31.158,31.0768,747,sell
2025-10-03 13:08:12+00:00,31.1058,31.1543,31.1251,373,buy
2025-10-03 13:08:12.500000+00:00,31.105,31.1558,31.1501,593,buy
2025-10-03 13:08:13+00:00,31.1049,31.1559,31.1088,82,sell
2025-10-03 13:08:13.500000+00:00,31.1121,31.1496,31.0852,384,sell
2025-10-03 13:08:14+00:00,31.1124,31.1501,31.1397,495,sell
2025-10-03 13:08:14.500000+00:00,31.1092,31.154,31.0829,318,sell
2025-10-03 13:08:15+00:00,31.1055,31.1588,31.1796,313,buy
2025-10-03 13:08:15.500000+00:00,31.1186,31.1461,31.1255,367,sell
2025-10-03 13:08:16+00:00,31.1157,31.1496,31.1406,560,buy
2025-10-03 13:08:16.500000+00:00,31.1134,31.1535,31.1644,463,buy
2025-10-03 13:08:17+00:00,31.1131,31.1546,31.1348,52,buy
2025-10-03 13:08:17.500000+00:00,31.1097,31.1583,31.1787,76,buy
2025-10-03 13:08:18+00:00,31.1118,31.1576,31.1813,379,buy
2025-10-03 13:08:18.500000+00:00,31.1139,31.1557,31.0972,593,sell
2025-10-03 13:08:19+00:00,31.1038,31.1669,31.0864,49,sell
2025-10-03 13:08:19.500000+00:00,31.1125,31.1593,31.1395,401,sell
2025-10-03 13:08:20+00:00,31.1117,31.1605,31.1057,395,sell
2025-10-03 13:08:20.500000+00:00,31.11,31.1632,31.112,779,sell
2025-10-03 13:08:21+00:00,31.1169,31.1568,31.1371,424,sell
2025-10-03 13:08:21.500000+00:00,31.1055,31.1691,31.1899,578,buy
2025-10-03 13:08:22+00:00,31.1087,31.1667,31.1591,529,buy
2025-10-03 13:08:22.500000+00:00,31.114,31.162,31.0985,74,sell
2025-10-03 13:08:23+00:00,31.1154,31.1616,31.1497,655,buy
2025-10-03 13:08:23.500000+00:00,31.1096,31.1677,31.0987,544,sell
2025-10-03 13:08:24+00:00,31.1163,31.1622,31.1068,603,sell
2025-10-03 13:08:24.500000+00:00,31.1144,31.165,31.1334,1288,sell
2025-10-03 13:08:25+00:00,31.1174,31.1629,31.1028,83,sell
2025-10-03 13:08:25.500000+00:00,31.1145,31.1666,31.0849,847,sell
2025-10-03 13:08:26+00:00,31.1099,31.172,31.0863,443,sell
2025-10-03 13:08:26.500000+00:00,31.1131,31.1698,31.0933,559,sell
2025-10-03 13:08:27+00:00,31.1246,31.1593,31.1622,492,buy
2025-10-03 13:08:27.500000+00:00,31.116,31.1681,31.1469,416,buy
2025-10-03 13:08:28+00:00,31.1204,31.1643,31.1452,387,sell
2025-10-03 13:08:28.500000+00:00,31.1251,31.1605,31.1538,567,buy
2025-10-03 13:08:29+00:00,31.115,31.1716,31.155,197,buy
2025-10-03 13:08:29.500000+00:00,31.1126,31.1748,31.1957,651,buy
2025-10-03 13:08:30+00:00,31.1184,31.1697,31.1134,417,sell
2025-10-03 13:08:30.500000+00:00,31.1227,31.166,31.1373,274,buy
2025-10-03 13:08:31+00:00,31.1305,31.1594,31.1645,411,buy
2025-10-03 13:08:31.500000+00:00,31.1159,31.175,31.1929,753,buy
2025-10-03 13:08:32+00:00,31.123,31.1689,31.1166,394,sell
2025-10-03 13:08:32.500000+00:00,31.1229,31.1693,31.1257,573,sell
2025-10-03 13:08:33+00:00,31.1187,31.1743,31.1995,354,buy
2025-10-03 13:08:33.500000+00:00,31.1283,31.1654,31.1685,653,buy
2025-10-03 13:08:34+00:00,31.1245,31.1703,31.1436,638,sell
2025-10-03 13:08:34.500000+00:00,31.1271,31.1682,31.1511,872,buy
2025-10-03 13:08:35+00:00,31.1255,31.1712,31.1943,466,buy
2025-10-03 13:08:35.500000+00:00,31.1291,31.1675,31.1494,635,buy
2025-10-03 13:08:36+00:00,31.1392,31.1587,31.1522,521,buy
2025-10-03 13:08:36.500000+00:00,31.1279,31.1711,31.15,761,buy
2025-10-03 13:08:37+00:00,31.1203,31.1795,31.0988,357,sell
2025-10-03 13:08:37.500000+00:00,31.126,31.1756,31.1612,650,buy
2025-10-03 13:08:38+00:00,31.1328,31.1687,31.1052,462,sell
2025-10-03 13:08:38.500000+00:00,31.1357,31.166,31.1593,488,buy
2025-10-03 13:08:39+00:00,31.1325,31.1704,31.1175,519,sell
2025-10-03 13:08:39.500000+00:00,31.1253,31.1777,31.1499,552,sell
2025-10-03 13:08:40+00:00,31.1336,31.1709,31.1548,478,buy
2025-10-03 13:08:40.500000+00:00,31.1327,31.1724,31.153,544,sell
2025-10-03 13:08:41+00:00,31.1253,31.1812,31.1598,817,buy
2025-10-03 13:08:41.500000+00:00,31.1276,31.1792,31.1189,699,sell
2025-10-03 13:08:42+00:00,31.1361,31.1716,31.2023,675,buy
2025-10-03 13:08:42.500000+00:00,31.1266,31.1817,31.2122,410,buy
2025-10-03 13:08:43+00:00,31.1275,31.1826,31.1144,323,sell
2025-10-03 13:08:43.500000+00:00,31.1231,31.1869,31.1944,693,buy
2025-10-03 13:08:44+00:00,31.1397,31.1721,31.1761,677,buy
2025-10-03 13:08:44.500000+00:00,31.1415,31.1706,31.1229,796,sell
2025-10-03 13:08:45+00:00,31.1322,31.1806,31.1357,380,sell
2025-10-03 13:08:45.500000+00:00,31.1314,31.1821,31.1013,455,sell
2025-10-03 13:08:46+00:00,31.1383,31.1761,31.1229,172,sell
2025-10-03 13:08:46.500000+00:00,31.1369,31.1773,31.1122,422,sell
2025-10-03 13:08:47+00:00,31.1303,31.1854,31.1964,701,buy
2025-10-03 13:08:47.500000+00:00,31.133,31.184,31.1394,407,sell
2025-10-03 13:08:48+00:00,31.1319,31.1855,31.1715,629,buy
2025-10-03 13:08:48.500000+00:00,31.1271,31.1905,31.1101,463,sell
2025-10-03 13:08:49+00:00,31.1411,31.178,31.1564,566,sell
2025-10-03 13:08:49.500000+00:00,31.1331,31.1869,31.1595,271,buy
2025-10-03 13:08:50+00:00,31.1353,31.1847,31.107,518,sell
2025-10-03 13:08:50.500000+00:00,31.1412,31.1788,31.1314,98,sell
2025-10-03 13:08:51+00:00,31.133,31.187,31.1849,463,buy
2025-10-03 13:08:51.500000+00:00,31.1368,31.1832,31.1571,174,buy
2025-10-03 13:08:52+00:00,31.1416,31.1784,31.1581,743,buy
2025-10-03 13:08:52.500000+00:00,31.1277,31.1923,31.2025,657,buy
2025-10-03 13:08:53+00:00,31.1358,31.1842,31.1358,595,sell
2025-10-03 13:08:53.500000+00:00,31.1322,31.1878,31.1622,806,buy
2025-10-03 13:08:54+00:00,31.1444,31.1756,31.1386,311,sell
2025-10-03 13:08:54.500000+00:00,31.1317,31.1883,31.2017,851,buy
2025-10-03 13:08:55+00:00,31.1356,31.1844,31.1605,688,sell
2025-10-03 13:08:55.500000+00:00,31.1453,31.1747,31.1563,453,sell
2025-10-03 13:08:56+00:00,31.1349,31.1851,31.154,729,buy
2025-10-03 13:08:56.500000+00:00,31.1359,31.1841,31.1665,279,buy
2025-10-03 13:08:57+00:00,31.1311,31.1889,31.101,336,sell
2025-10-03 13:08:57.500000+00:00,31.1299,31.1901,31.1189,379,sell
2025-10-03 13:08:58+00:00,31.1335,31.1865,31.1637,395,buy
2025-10-03 13:08:58.500000+00:00,31.1276,31.1924,31.2131,289,buy
2025-10-03 13:08:59+00:00,31.1355,31.1845,31.1783,746,buy
2025-10-03 13:08:59.500000+00:00,31.1336,31.1864,31.151,449,sell
2025-10-03 13:09:00+00:00,31.1345,31.1853,31.1071,271,sell
2025-10-03 13:09:00.500000+00:00,31.1343,31.1855,31.1119,67,sell
2025-10-03 13:09:01+00:00,31.1302,31.1889,31.1902,182,buy
2025-10-03 13:09:01.500000+00:00,31.1462,31.1722,31.1235,242,sell
2025-10-03 13:09:02+00:00,31.1401,31.1778,31.1565,289,buy
2025-10-03 13:09:02.500000+00:00,31.1277,31.1897,31.1514,127,sell
2025-10-03 13:09:03+00:00,31.1377,31.1789,31.1366,181,sell
2025-10-03 13:09:03.500000+00:00,31.1402,31.176,31.1671,186,buy
2025-10-03 13:09:04+00:00,31.1273,31.188,31.1862,163,buy
2025-10-03 13:09:04.500000+00:00,31.1256,31.1897,31.13,145,sell
2025-10-03 13:09:05+00:00,31.1306,31.1837,31.1746,178,buy
2025-10-03 13:09:05.500000+00:00,31.1376,31.1768,31.1416,1,sell
2025-10-03 13:09:06+00:00,31.1293,31.1842,31.1477,193,sell
2025-10-03 13:09:06.500000+00:00,31.1382,31.1748,31.145,159,sell
2025-10-03 13:09:07+00:00,31.138,31.1743,31.1693,138,buy
2025-10-03 13:09:07.500000+00:00,31.1327,31.1791,31.1336,276,sell
2025-10-03 13:09:08+00:00,31.1411,31.1706,31.1114,110,sell
2025-10-03 13:09:08.500000+00:00,31.132,31.1784,31.1595,127,sell
2025-10-03 13:09:09+00:00,31.1324,31.1781,31.186,272,buy
2025-10-03 13:09:09.500000+00:00,31.1376,31.1722,31.1319,101,sell
2025-10-03 13:09:10+00:00,31.1267,31.1823,31.1526,118,buy
2025-10-03 13:09:10.500000+00:00,31.1306,31.1779,31.1354,142,sell
2025-10-03 13:09:11+00:00,31.1298,31.1787,31.1255,202,sell
2025-10-03 13:09:11.500000+00:00,31.1261,31.1813,31.1518,164,sell
2025-10-03 13:09:12+00:00,31.136,31.1709,31.1521,73,buy
2025-10-03 13:09:12.500000+00:00,31.1287,31.1781,31.166,119,buy
2025-10-03 13:09:13+00:00,31.1197,31.1863,31.1935,114,buy
2025-10-03 13:09:13.500000+00:00,31.1231,31.1822,31.1565,147,buy
2025-10-03 13:09:14+00:00,31.1288,31.1762,31.1627,177,buy
2025-10-03 13:09:14.500000+00:00,31.1348,31.1694,31.1889,177,buy
2025-10-03 13:09:15+00:00,31.1237,31.1804,31.0938,43,sell
2025-10-03 13:09:15.500000+00:00,31.1256,31.178,31.202,216,buy
2025-10-03 13:09:16+00:00,31.1173,31.1856,31.1285,167,sell
2025-10-03 13:09:16.500000+00:00,31.1347,31.1676,31.1657,235,sell
2025-10-03 13:09:17+00:00,31.1322,31.1698,31.1042,178,sell
2025-10-03 13:09:17.500000+00:00,31.1225,31.1787,31.2034,218,buy
2025-10-03 13:09:18+00:00,31.1307,31.1697,31.1921,180,buy
2025-10-03 13:09:18.500000+00:00,31.1301,31.1701,31.141,233,sell
2025-10-03 13:09:19+00:00,31.123,31.177,31.1113,183,sell
2025-10-03 13:09:19.500000+00:00,31.1297,31.1691,31.151,145,buy
2025-10-03 13:09:20+00:00,31.1257,31.1727,31.1134,289,sell
2025-10-03 13:09:20.500000+00:00,31.1251,31.1729,31.1417,205,sell
2025-10-03 13:09:21+00:00,31.1299,31.1675,31.1442,186,sell
2025-10-03 13:09:21.500000+00:00,31.1263,31.1704,31.1081,74,sell
2025-10-03 13:09:22+00:00,31.1342,31.1624,31.1714,73,buy
2025-10-03 13:09:22.500000+00:00,31.1246,31.1717,31.1079,169,sell
2025-10-03 13:09:23+00:00,31.1315,31.1638,31.1815,160,buy
2025-10-03 13:09:23.500000+00:00,31.1269,31.1677,31.1188,114,sell
2025-10-03 13:09:24+00:00,31.1216,31.1723,31.1019,160,sell
2025-10-03 13:09:24.500000+00:00,31.1222,31.1715,31.1146,248,sell
2025-10-03 13:09:25+00:00,31.1256,31.1677,31.1013,194,sell
2025-10-03 13:09:25.500000+00:00,31.1238,31.1688,31.1574,82,buy
2025-10-03 13:09:26+00:00,31.1214,31.1706,31.1929,145,buy
2025-10-03 13:09:26.500000+00:00,31.1213,31.17,31.1378,102,sell
2025-10-03 13:09:27+00:00,31.1199,31.1708,31.1313,128,sell
2025-10-03 13:09:27.500000+00:00,31.1258,31.1648,31.1648,126,buy
2025-10-03 13:09:28+00:00,31.1209,31.1691,31.1574,122,buy
2025-10-03 13:09:28.500000+00:00,31.1108,31.1782,31.1333,75,sell
2025-10-03 13:09:29+00:00,31.1156,31.1735,31.135,144,sell
2025-10-03 13:09:29.500000+00:00,31.1267,31.1617,31.1151,117,sell
2025-10-03 13:09:30+00:00,31.1158,31.1722,31.1004,26,sell
2025-10-03 13:09:30.500000+00:00,31.116,31.1709,31.0954,276,sell
2025-10-03 13:09:31+00:00,31.1195,31.1669,31.1412,217,sell
2025-10-03 13:09:31.500000+00:00,31.1204,31.1657,31.145,128,buy
2025-10-03 13:09:32+00:00,31.1186,31.167,31.1808,152,buy
2025-10-03 13:09:32.500000+00:00,31.1136,31.1718,31.1201,80,sell
2025-10-03 13:09:33+00:00,31.113,31.1716,31.126,254,sell
2025-10-03 13:09:33.500000+00:00,31.1193,31.1646,31.1857,266,buy
2025-10-03 13:09:34+00:00,31.1126,31.1707,31.1943,161,buy
2025-10-03 13:09:34.500000+00:00,31.1133,31.1699,31.0892,213,sell
2025-10-03 13:09:35+00:00,31.1134,31.1688,31.1976,162,buy
2025-10-03 13:09:35.500000+00:00,31.1188,31.1634,31.1269,70,sell
2025-10-03 13:09:36+00:00,31.1215,31.1597,31.109,126,sell
2025-10-03 13:09:36.500000+00:00,31.1211,31.16,31.1144,159,sell
2025-10-03 13:09:37+00:00,31.1148,31.1655,31.1566,124,buy
2025-10-03 13:09:37.500000+00:00,31.1165,31.1635,31.1648,138,buy
2025-10-03 13:09:38+00:00,31.1119,31.1681,31.1124,146,sell
2025-10-03 13:09:38.500000+00:00,31.1174,31.1626,31.1927,146,buy
2025-10-03 13:09:39+00:00,31.1175,31.1625,31.1234,154,sell
2025-10-03 13:09:39.500000+00:00,31.1171,31.1629,31.158,87,buy
2025-10-03 13:09:40+00:00,31.1195,31.1604,31.1288,108,sell
2025-10-03 13:09:40.500000+00:00,31.1139,31.1661,31.1635,73,buy
2025-10-03 13:09:41+00:00,31.1126,31.1674,31.1015,211,sell
2025-10-03 13:09:41.500000+00:00,31.1205,31.1595,31.1514,23,sell
2025-10-03 13:09:42+00:00,31.1129,31.1671,31.1393,221,buy
2025-10-03 13:09:42.500000+00:00,31.1172,31.1628,31.1577,235,buy
2025-10-03 13:09:43+00:00,31.12,31.16,31.1331,133,buy
2025-10-03 13:09:43.500000+00:00,31.1142,31.1658,31.1409,6,sell
2025-10-03 13:09:44+00:00,31.1213,31.1587,31.1119,129,sell
2025-10-03 13:09:44.500000+00:00,31.1175,31.1625,31.1701,147,buy
2025-10-03 13:09:45+00:00,31.1194,31.1606,31.1914,90,buy
2025-10-03 13:09:45.500000+00:00,31.1151,31.1649,31.1371,120,buy
2025-10-03 13:09:46+00:00,31.1108,31.1692,31.1657,244,buy
2025-10-03 13:09:46.500000+00:00,31.1187,31.1613,31.1193,192,sell
2025-10-03 13:09:47+00:00,31.1153,31.1646,31.1456,95,sell
2025-10-03 13:09:47.500000+00:00,31.1167,31.1633,31.1011,54,sell
2025-10-03 13:09:48+00:00,31.1156,31.1644,31.0905,131,sell
2025-10-03 13:09:48.500000+00:00,31.1166,31.1634,31.107,138,sell
2025-10-03 13:09:49+00:00,31.1135,31.1665,31.1869,181,buy
2025-10-03 13:09:49.500000+00:00,31.1192,31.1608,31.1488,119,buy
2025-10-03 13:09:50+00:00,31.1203,31.1597,31.1402,182,buy
2025-10-03 13:09:50.500000+00:00,31.1202,31.1598,31.1072,269,sell
2025-10-03 13:09:51+00:00,31.1252,31.1548,31.1504,201,sell
2025-10-03 13:09:51.500000+00:00,31.1224,31.1576,31.1118,148,sell
2025-10-03 13:09:52+00:00,31.1173,31.1627,31.1515,140,buy
2025-10-03 13:09:52.500000+00:00,31.1182,31.1618,31.1795,130,buy
2025-10-03 13:09:53+00:00,31.1152,31.1648,31.1381,223,buy
2025-10-03 13:09:53.500000+00:00,31.1208,31.1592,31.1015,113,sell
2025-10-03 13:09:54+00:00,31.1158,31.1642,31.1926,154,buy
2025-10-03 13:09:54.500000+00:00,31.1106,31.1694,31.1919,154,buy
2025-10-03 13:09:55+00:00,31.1154,31.1646,31.1653,121,buy
2025-10-03 13:09:55.500000+00:00,31.1178,31.1622,31.1448,68,sell
2025-10-03 13:09:56+00:00,31.1174,31.1626,31.1494,171,buy
2025-10-03 13:09:56.500000+00:00,31.1157,31.1643,31.1577,148,buy
2025-10-03 13:09:57+00:00,31.1223,31.1577,31.1016,182,sell
2025-10-03 13:09:57.500000+00:00,31.1159,31.1641,31.1643,119,buy
2025-10-03 13:09:58+00:00,31.1136,31.1664,31.0922,225,sell
2025-10-03 13:09:58.500000+00:00,31.1129,31.1671,31.0872,98,sell
2025-10-03 13:09:59+00:00,31.1226,31.1574,31.1434,255,buy
2025-10-03 13:09:59.500000+00:00,31.125,31.155,31.1533,45,sell
2025-10-03 13:10:00+00:00,31.0997,31.1601,31.1837,673,buy
2025-10-03 13:10:00.500000+00:00,31.1049,31.1558,31.1298,209,sell
2025-10-03 13:10:01+00:00,31.1118,31.1496,31.131,386,buy
2025-10-03 13:10:01.500000+00:00,31.106,31.1557,31.1222,310,sell
2025-10-03 13:10:02+00:00,31.1137,31.1493,31.1653,517,buy
2025-10-03 13:10:02.500000+00:00,31.1038,31.1604,31.1433,670,buy
2025-10-03 13:10:03+00:00,31.1111,31.1537,31.1517,341,buy
2025-10-03 13:10:03.500000+00:00,31.109,31.1568,31.187,19,buy
2025-10-03 13:10:04+00:00,31.1115,31.1546,31.1713,375,buy
2025-10-03 13:10:04.500000+00:00,31.1121,31.1559,31.16,613,buy
2025-10-03 13:10:05+00:00,31.1042,31.1632,31.0785,545,sell
2025-10-03 13:10:05.500000+00:00,31.1123,31.1569,31.1826,526,buy
2025-10-03 13:10:06+00:00,31.1065,31.1639,31.191,398,buy
2025-10-03 13:10:06.500000+00:00,31.1138,31.1569,31.1413,219,sell
2025-10-03 13:10:07+00:00,31.1174,31.1538,31.1034,541,sell
2025-10-03 13:10:07.500000+00:00,31.1059,31.1659,31.1784,299,buy
2025-10-03 13:10:08+00:00,31.1106,31.1629,31.0835,841,sell
2025-10-03 13:10:08.500000+00:00,31.1158,31.157,31.1435,551,buy
2025-10-03 13:10:09+00:00,31.1073,31.1666,31.0997,344,sell
2025-10-03 13:10:09.500000+00:00,31.1101,31.165,31.106,339,sell
2025-10-03 13:10:10+00:00,31.116,31.1609,31.0985,432,sell
2025-10-03 13:10:10.500000+00:00,31.1141,31.163,31.179,406,buy
2025-10-03 13:10:11+00:00,31.1079,31.1692,31.1843,649,buy
2025-10-03 13:10:11.500000+00:00,31.123,31.1554,31.1279,482,buy
2025-10-03 13:10:12+00:00,31.1173,31.1617,31.1527,317,buy
2025-10-03 13:10:12.500000+00:00,31.1253,31.1544,31.1268,788,buy
2025-10-03 13:10:13+00:00,31.113,31.1686,31.1747,457,buy
2025-10-03 13:10:13.500000+00:00,31.1162,31.1648,31.1111,587,sell
2025-10-03 13:10:14+00:00,31.1219,31.1617,31.131,339,buy
2025-10-03 13:10:14.500000+00:00,31.1109,31.173,31.1209,514,sell
2025-10-03 13:10:15+00:00,31.1196,31.1653,31.1147,504,sell
2025-10-03 13:10:15.500000+00:00,31.1208,31.1639,31.1895,109,buy
2025-10-03 13:10:16+00:00,31.1166,31.1691,31.1393,811,sell
2025-10-03 13:10:16.500000+00:00,31.1119,31.1739,31.1723,680,buy
2025-10-03 13:10:17+00:00,31.1184,31.1687,31.0924,377,sell
2025-10-03 13:10:17.500000+00:00,31.1214,31.1672,31.1201,251,sell
2025-10-03 13:10:18+00:00,31.1211,31.1687,31.1922,511,buy
2025-10-03 13:10:18.500000+00:00,31.1247,31.1645,31.1848,464,buy
2025-10-03 13:10:19+00:00,31.1249,31.1655,31.1257,512,sell
2025-10-03 13:10:19.500000+00:00,31.1219,31.1694,31.1675,483,buy
2025-10-03 13:10:20+00:00,31.1244,31.1671,31.1439,540,buy
2025-10-03 13:10:20.500000+00:00,31.1196,31.1738,31.1912,709,buy
2025-10-03 13:10:21+00:00,31.1306,31.1629,31.1525,551,buy
2025-10-03 13:10:21.500000+00:00,31.1247,31.1699,31.1149,260,sell
2025-10-03 13:10:22+00:00,31.1243,31.1709,31.1953,693,buy
2025-10-03 13:10:22.500000+00:00,31.1231,31.1727,31.1858,743,buy
2025-10-03 13:10:23+00:00,31.1239,31.1732,31.1535,1015,buy
2025-10-03 13:10:23.500000+00:00,31.1279,31.1699,31.1401,247,buy
2025-10-03 13:10:24+00:00,31.1281,31.1704,31.177,492,buy
2025-10-03 13:10:24.500000+00:00,31.1245,31.1746,31.1451,75,buy
2025-10-03 13:10:25+00:00,31.1251,31.1755,31.1777,548,buy
2025-10-03 13:10:25.500000+00:00,31.1265,31.1757,31.1688,350,buy
2025-10-03 13:10:26+00:00,31.1225,31.1795,31.1513,794,sell
2025-10-03 13:10:26.500000+00:00,31.1356,31.1677,31.1648,309,buy
2025-10-03 13:10:27+00:00,31.1269,31.1759,31.1621,145,buy
2025-10-03 13:10:27.500000+00:00,31.134,31.1705,31.2016,364,buy
2025-10-03 13:10:28+00:00,31.1284,31.1761,31.1546,94,buy
2025-10-03 13:10:28.500000+00:00,31.1321,31.173,31.1736,584,buy
2025-10-03 13:10:29+00:00,31.1338,31.1725,31.1603,78,buy
2025-10-03 13:10:29.500000+00:00,31.1361,31.1723,31.1637,454,sell
2025-10-03 13:10:30+00:00,31.1274,31.1816,31.0966,75,sell
2025-10-03 13:10:30.500000+00:00,31.14,31.1694,31.1679,391,sell
2025-10-03 13:10:31+00:00,31.131,31.1781,31.163,744,buy
2025-10-03 13:10:31.500000+00:00,31.1294,31.1813,31.1934,513,buy
2025-10-03 13:10:32+00:00,31.131,31.1808,31.1749,293,buy
2025-10-03 13:10:32.500000+00:00,31.1413,31.1712,31.201,443,buy
2025-10-03 13:10:33+00:00,31.1327,31.1794,31.1157,452,sell
2025-10-03 13:10:33.500000+00:00,31.1279,31.1856,31.1978,534,buy
2025-10-03 13:10:34+00:00,31.1327,31.1821,31.1247,203,sell
2025-10-03 13:10:34.500000+00:00,31.1346,31.1814,31.1141,555,sell
2025-10-03 13:10:35+00:00,31.1415,31.1736,31.1912,36,buy
2025-10-03 13:10:35.500000+00:00,31.1407,31.1764,31.1948,335,buy
2025-10-03 13:10:36+00:00,31.1443,31.1738,31.128,361,sell
2025-10-03 13:10:36.500000+00:00,31.1322,31.1872,31.1875,562,buy
2025-10-03 13:10:37+00:00,31.1359,31.1842,31.2133,453,buy
2025-10-03 13:10:37.500000+00:00,31.1268,31.1941,31.1494,196,sell
2025-10-03 13:10:38+00:00,31.1361,31.1848,31.1412,272,sell
2025-10-03 13:10:38.500000+00:00,31.1422,31.1788,31.1342,484,sell
2025-10-03 13:10:39+00:00,31.1384,31.1843,31.2072,434,buy
2025-10-03 13:10:39.500000+00:00,31.1429,31.1814,31.2105,345,buy
2025-10-03 13:10:40+00:00,31.1358,31.1896,31.1322,362,sell
2025-10-03 13:10:40.500000+00:00,31.1409,31.1849,31.1865,574,buy
2025-10-03 13:10:41+00:00,31.1451,31.1813,31.1171,356,sell
2025-10-03 13:10:41.500000+00:00,31.1359,31.1913,31.1842,433,buy
2025-10-03 13:10:42+00:00,31.1467,31.1807,31.1696,838,buy
2025-10-03 13:10:42.500000+00:00,31.1459,31.1826,31.1707,193,buy
2025-10-03 13:10:43+00:00,31.1421,31.1882,31.193,116,buy
2025-10-03 13:10:43.500000+00:00,31.1397,31.1899,31.1236,589,sell
2025-10-03 13:10:44+00:00,31.1372,31.1948,31.1116,327,sell
2025-10-03 13:10:44.500000+00:00,31.1379,31.1937,31.1107,391,sell
2025-10-03 13:10:45+00:00,31.1363,31.1971,31.2184,308,buy
2025-10-03 13:10:45.500000+00:00,31.1401,31.1925,31.2139,402,buy
2025-10-03 13:10:46+00:00,31.1508,31.1837,31.212,736,buy
2025-10-03 13:10:46.500000+00:00,31.1449,31.1897,31.1709,593,buy
2025-10-03 13:10:47+00:00,31.1385,31.1965,31.1732,603,buy
2025-10-03 13:10:47.500000+00:00,31.1521,31.1846,31.1683,194,buy
2025-10-03 13:10:48+00:00,31.1476,31.1904,31.13,242,sell
2025-10-03 13:10:48.500000+00:00,31.1519,31.1859,31.1791,60,buy
2025-10-03 13:10:49+00:00,31.1486,31.1895,31.1781,303,buy
2025-10-03 13:10:49.500000+00:00,31.1431,31.1967,31.1971,620,buy
2025-10-03 13:10:50+00:00,31.1446,31.196,31.1359,541,sell
2025-10-03 13:10:50.500000+00:00,31.1457,31.1961,31.1341,409,sell
2025-10-03 13:10:51+00:00,31.1473,31.1955,31.1899,445,buy
2025-10-03 13:10:51.500000+00:00,31.1497,31.1933,31.2054,325,buy
2025-10-03 13:10:52+00:00,31.1527,31.1923,31.1399,485,sell
2025-10-03 13:10:52.500000+00:00,31.1442,31.2006,31.2148,586,buy
2025-10-03 13:10:53+00:00,31.1461,31.1992,31.1719,158,sell
2025-10-03 13:10:53.500000+00:00,31.1547,31.1907,31.2064,502,buy
2025-10-03 13:10:54+00:00,31.1579,31.1891,31.1787,616,buy
2025-10-03 13:10:54.500000+00:00,31.1481,31.1996,31.1724,374,sell
2025-10-03 13:10:55+00:00,31.1422,31.2071,31.1791,574,buy
2025-10-03 13:10:55.500000+00:00,31.1467,31.2031,31.2026,954,buy
2025-10-03 13:10:56+00:00,31.1558,31.1938,31.1828,430,buy
2025-10-03 13:10:56.500000+00:00,31.1549,31.1964,31.1941,519,buy
2025-10-03 13:10:57+00:00,31.1509,31.2015,31.2187,316,buy
2025-10-03 13:10:57.500000+00:00,31.1501,31.2036,31.1668,481,sell
2025-10-03 13:10:58+00:00,31.1522,31.2019,31.1571,531,sell
2025-10-03 13:10:58.500000+00:00,31.1579,31.1969,31.1553,484,sell
2025-10-03 13:10:59+00:00,31.1567,31.1985,31.1306,265,sell
2025-10-03 13:10:59.500000+00:00,31.1546,31.2017,31.1887,486,buy
2025-10-03 13:11:00+00:00,31.1298,31.19,31.1593,102,buy
2025-10-03 13:11:00.500000+00:00,31.1388,31.1807,31.1861,109,buy
2025-10-03 13:11:01+00:00,31.1308,31.1883,31.1835,179,buy
2025-10-03 13:11:01.500000+00:00,31.1492,31.1694,31.1456,223,sell
2025-10-03 13:11:02+00:00,31.1395,31.1779,31.145,90,sell
2025-10-03 13:11:02.500000+00:00,31.1319,31.1858,31.1694,191,buy
2025-10-03 13:11:03+00:00,31.1299,31.1869,31.1718,17,buy
2025-10-03 13:11:03.500000+00:00,31.1327,31.1834,31.1432,69,sell
2025-10-03 13:11:04+00:00,31.1377,31.1781,31.186,82,buy
2025-10-03 13:11:04.500000+00:00,31.1478,31.1673,31.1982,61,buy
2025-10-03 13:11:05+00:00,31.1433,31.1712,31.1693,49,sell
2025-10-03 13:11:05.500000+00:00,31.1469,31.1672,31.1439,155,sell
2025-10-03 13:11:06+00:00,31.1304,31.1831,31.1112,122,sell
2025-10-03 13:11:06.500000+00:00,31.1255,31.1874,31.1097,154,sell
2025-10-03 13:11:07+00:00,31.134,31.1784,31.136,170,sell
2025-10-03 13:11:07.500000+00:00,31.1295,31.1821,31.1322,148,sell
2025-10-03 13:11:08+00:00,31.1338,31.1776,31.1853,169,buy
2025-10-03 13:11:08.500000+00:00,31.1365,31.1745,31.1918,130,buy
2025-10-03 13:11:09+00:00,31.1345,31.1759,31.2025,70,buy
2025-10-03 13:11:09.500000+00:00,31.1338,31.1761,31.1288,190,sell
2025-10-03 13:11:10+00:00,31.1353,31.174,31.1457,102,sell
2025-10-03 13:11:10.500000+00:00,31.1308,31.1778,31.1832,83,buy
2025-10-03 13:11:11+00:00,31.1286,31.1798,31.1933,124,buy
2025-10-03 13:11:11.500000+00:00,31.1352,31.1721,31.146,84,sell
2025-10-03 13:11:12+00:00,31.1261,31.1808,31.1703,111,buy
2025-10-03 13:11:12.500000+00:00,31.1286,31.1777,31.2082,152,buy
2025-10-03 13:11:13+00:00,31.1229,31.1834,31.105,152,sell
2025-10-03 13:11:13.500000+00:00,31.1327,31.1729,31.1593,85,buy
2025-10-03 13:11:14+00:00,31.1359,31.1691,31.1928,107,buy
2025-10-03 13:11:14.500000+00:00,31.1312,31.1734,31.1213,191,sell
2025-10-03 13:11:15+00:00,31.124,31.1797,31.1584,160,buy
2025-10-03 13:11:15.500000+00:00,31.1259,31.1775,31.1331,244,sell
2025-10-03 13:11:16+00:00,31.1274,31.1753,31.1672,196,buy
2025-10-03 13:11:16.500000+00:00,31.13,31.1724,31.1494,195,sell
2025-10-03 13:11:17+00:00,31.1248,31.1769,31.1939,59,buy
2025-10-03 13:11:17.500000+00:00,31.1278,31.1733,31.1525,174,sell
2025-10-03 13:11:18+00:00,31.1299,31.1709,31.1517,130,sell
2025-10-03 13:11:18.500000+00:00,31.124,31.1763,31.2045,104,buy
2025-10-03 13:11:19+00:00,31.1152,31.1842,31.0851,142,sell
2025-10-03 13:11:19.500000+00:00,31.1206,31.1784,31.0923,184,sell
2025-10-03 13:11:20+00:00,31.1224,31.1759,31.1425,160,sell
2025-10-03 13:11:20.500000+00:00,31.1248,31.1726,31.1752,86,buy
2025-10-03 13:11:21+00:00,31.1257,31.1717,31.1832,173,buy
2025-10-03 13:11:21.500000+00:00,31.1399,31.157,31.1565,99,sell
2025-10-03 13:11:22+00:00,31.1304,31.166,31.11,145,sell
2025-10-03 13:11:22.500000+00:00,31.1246,31.1708,31.1316,117,sell
2025-10-03 13:11:23+00:00,31.1279,31.1673,31.1126,122,sell
2025-10-03 13:11:23.500000+00:00,31.1236,31.1707,31.1434,174,sell
2025-10-03 13:11:24+00:00,31.1239,31.1706,31.1396,78,sell
2025-10-03 13:11:24.500000+00:00,31.1214,31.172,31.1749,237,buy
2025-10-03 13:11:25+00:00,31.1274,31.166,31.188,36,buy
2025-10-03 13:11:25.500000+00:00,31.1226,31.1702,31.0976,101,sell
2025-10-03 13:11:26+00:00,31.1237,31.1682,31.1006,153,sell
2025-10-03 13:11:26.500000+00:00,31.1242,31.1671,31.0993,165,sell
2025-10-03 13:11:27+00:00,31.1291,31.1619,31.1126,128,sell
2025-10-03 13:11:27.500000+00:00,31.1158,31.1745,31.0993,130,sell
2025-10-03 13:11:28+00:00,31.1185,31.1714,31.1943,155,buy
2025-10-03 13:11:28.500000+00:00,31.1195,31.1698,31.0963,121,sell
2025-10-03 13:11:29+00:00,31.1264,31.1621,31.1425,208,sell
2025-10-03 13:11:29.500000+00:00,31.1217,31.1661,31.1665,178,buy
2025-10-03 13:11:30+00:00,31.1175,31.1703,31.1109,180,sell
2025-10-03 13:11:30.500000+00:00,31.1201,31.167,31.1197,82,sell
2025-10-03 13:11:31+00:00,31.125,31.1615,31.1457,129,sell
2025-10-03 13:11:31.500000+00:00,31.1346,31.1516,31.1413,117,buy
2025-10-03 13:11:32+00:00,31.1067,31.1791,31.1975,79,buy
2025-10-03 13:11:32.500000+00:00,31.1206,31.1644,31.1102,153,sell
2025-10-03 13:11:33+00:00,31.1201,31.1643,31.108,105,sell
2025-10-03 13:11:33.500000+00:00,31.1205,31.1635,31.1611,168,buy
2025-10-03 13:11:34+00:00,31.116,31.1672,31.107,76,sell
2025-10-03 13:11:34.500000+00:00,31.1272,31.1557,31.1847,225,buy
2025-10-03 13:11:35+00:00,31.1244,31.1581,31.1554,85,buy
2025-10-03 13:11:35.500000+00:00,31.1209,31.161,31.1026,145,sell
2025-10-03 13:11:36+00:00,31.1104,31.1705,31.1744,176,buy
2025-10-03 13:11:36.500000+00:00,31.1189,31.1617,31.1768,103,buy
2025-10-03 13:11:37+00:00,31.1152,31.1648,31.1787,179,buy
2025-10-03 13:11:37.500000+00:00,31.1178,31.1622,31.1875,68,buy
2025-10-03 13:11:38+00:00,31.1174,31.1626,31.0914,211,sell
2025-10-03 13:11:38.500000+00:00,31.1175,31.1625,31.1902,134,buy
2025-10-03 13:11:39+00:00,31.1169,31.1631,31.1197,101,sell
2025-10-03 13:11:39.500000+00:00,31.1155,31.1645,31.1771,117,buy
2025-10-03 13:11:40+00:00,31.1126,31.1674,31.1433,177,buy
2025-10-03 13:11:40.500000+00:00,31.1222,31.1578,31.1889,102,buy
2025-10-03 13:11:41+00:00,31.1139,31.1661,31.1015,93,sell
2025-10-03 13:11:41.500000+00:00,31.1137,31.1662,31.1528,121,buy
2025-10-03 13:11:42+00:00,31.1103,31.1697,31.084,70,sell
2025-10-03 13:11:42.500000+00:00,31.1197,31.1603,31.1355,231,buy
2025-10-03 13:11:43+00:00,31.1134,31.1666,31.1322,103,sell
2025-10-03 13:11:43.500000+00:00,31.1173,31.1627,31.1087,178,sell
2025-10-03 13:11:44+00:00,31.1193,31.1607,31.1185,145,sell
2025-10-03 13:11:44.500000+00:00,31.1144,31.1656,31.1422,81,sell
2025-10-03 13:11:45+00:00,31.1111,31.1689,31.1416,133,buy
2025-10-03 13:11:45.500000+00:00,31.1057,31.1743,31.1452,175,buy
2025-10-03 13:11:46+00:00,31.1126,31.1674,31.1884,123,buy
2025-10-03 13:11:46.500000+00:00,31.1122,31.1678,31.1554,197,buy
2025-10-03 13:11:47+00:00,31.1199,31.1601,31.1595,188,buy
2025-10-03 13:11:47.500000+00:00,31.123,31.157,31.1874,182,buy
2025-10-03 13:11:48+00:00,31.116,31.164,31.185,109,buy
2025-10-03 13:11:48.500000+00:00,31.1191,31.1609,31.1208,76,sell
2025-10-03 13:11:49+00:00,31.1225,31.1575,31.1463,100,buy
2025-10-03 13:11:49.500000+00:00,31.1156,31.1644,31.0975,144,sell
2025-10-03 13:11:50+00:00,31.1198,31.1602,31.1381,163,buy
2025-10-03 13:11:50.500000+00:00,31.1121,31.1679,31.121,17,sell
2025-10-03 13:11:51+00:00,31.1206,31.1594,31.1807,133,buy
2025-10-03 13:11:51.500000+00:00,31.1144,31.1656,31.1389,142,buy
2025-10-03 13:11:52+00:00,31.1202,31.1597,31.1296,118,sell
2025-10-03 13:11:52.500000+00:00,31.1091,31.1709,31.1988,202,buy
2025-10-03 13:11:53+00:00,31.1205,31.1595,31.1315,156,buy
2025-10-03 13:11:53.500000+00:00,31.1223,31.1577,31.0989,203,sell
2025-10-03 13:11:54+00:00,31.1245,31.1555,31.1434,122,sell
2025-10-03 13:11:54.500000+00:00,31.1219,31.1581,31.1498,183,buy
2025-10-03 13:11:55+00:00,31.1214,31.1586,31.1343,221,sell
2025-10-03 13:11:55.500000+00:00,31.1184,31.1616,31.1533,204,buy
2025-10-03 13:11:56+00:00,31.1154,31.1646,31.1949,75,buy
2025-10-03 13:11:56.500000+00:00,31.1205,31.1595,31.1137,120,sell
2025-10-03 13:11:57+00:00,31.1128,31.1672,31.0925,115,sell
2025-10-03 13:11:57.500000+00:00,31.1159,31.1641,31.1855,159,buy
2025-10-03 13:11:58+00:00,31.1103,31.1697,31.1348,170,sell
2025-10-03 13:11:58.500000+00:00,31.1106,31.1694,31.0854,88,sell
2025-10-03 13:11:59+00:00,31.1089,31.1711,31.1155,137,sell
2025-10-03 13:11:59.500000+00:00,31.1152,31.1648,31.1833,25,buy
2025-10-03 13:12:00+00:00,31.119,31.161,31.1473,20,sell
2025-10-03 13:12:00.500000+00:00,31.1172,31.1625,31.1515,119,buy
2025-10-03 13:12:01+00:00,31.1148,31.1644,31.1554,174,buy
2025-10-03 13:12:01.500000+00:00,31.1222,31.157,31.1259,111,sell
2025-10-03 13:12:02+00:00,31.1223,31.1568,31.0915,155,sell
2025-10-03 13:12:02.500000+00:00,31.1244,31.1538,31.1776,137,buy
2025-10-03 13:12:03+00:00,31.115,31.1637,31.1007,137,sell
2025-10-03 13:12:03.500000+00:00,31.1179,31.1604,31.1647,107,buy
2025-10-03 13:12:04+00:00,31.1172,31.1605,31.1117,61,sell
2025-10-03 13:12:04.500000+00:00,31.1145,31.1632,31.0864,66,sell
2025-10-03 13:12:05+00:00,31.1127,31.1646,31.1004,154,sell
2025-10-03 13:12:05.500000+00:00,31.1181,31.1592,31.1813,121,buy
2025-10-03 13:12:06+00:00,31.1191,31.1579,31.1424,113,buy
2025-10-03 13:12:06.500000+00:00,31.1104,31.1658,31.1155,100,sell
2025-10-03 13:12:07+00:00,31.1037,31.1727,31.1918,105,buy
2025-10-03 13:12:07.500000+00:00,31.1107,31.1652,31.0869,171,sell
2025-10-03 13:12:08+00:00,31.114,31.1617,31.1021,104,sell
2025-10-03 13:12:08.500000+00:00,31.1193,31.156,31.1358,55,sell
2025-10-03 13:12:09+00:00,31.113,31.1625,31.1544,156,buy
2025-10-03 13:12:09.500000+00:00,31.1166,31.1585,31.1306,110,sell
2025-10-03 13:12:10+00:00,31.1149,31.1595,31.1175,122,sell
2025-10-03 13:12:10.500000+00:00,31.118,31.1561,31.0976,198,sell
2025-10-03 13:12:11+00:00,31.1108,31.1632,31.1233,119,sell
2025-10-03 13:12:11.500000+00:00,31.1091,31.1648,31.1422,134,buy
2025-10-03 13:12:12+00:00,31.112,31.1616,31.1019,63,sell
2025-10-03 13:12:12.500000+00:00,31.1038,31.1698,31.1092,110,sell
2025-10-03 13:12:13+00:00,31.1137,31.1595,31.132,150,sell
2025-10-03 13:12:13.500000+00:00,31.117,31.1559,31.1416,45,sell
2025-10-03 13:12:14+00:00,31.1157,31.1568,31.1404,130,sell
2025-10-03 13:12:14.500000+00:00,31.1199,31.152,31.1422,125,sell
2025-10-03 13:12:15+00:00,31.1171,31.1548,31.1497,122,buy
2025-10-03 13:12:15.500000+00:00,31.1151,31.1568,31.1456,170,buy
2025-10-03 13:12:16+00:00,31.1143,31.1571,31.1106,136,sell
2025-10-03 13:12:16.500000+00:00,31.1157,31.1555,31.1709,192,buy
2025-10-03 13:12:17+00:00,31.1108,31.16,31.1753,72,buy
2025-10-03 13:12:17.500000+00:00,31.1099,31.1605,31.1375,127,buy
2025-10-03 13:12:18+00:00,31.1067,31.1636,31.1364,124,buy
2025-10-03 13:12:18.500000+00:00,31.1143,31.1558,31.1782,69,buy
2025-10-03 13:12:19+00:00,31.1177,31.1519,31.1194,166,sell
2025-10-03 13:12:19.500000+00:00,31.108,31.1615,31.0914,232,sell
2025-10-03 13:12:20+00:00,31.1131,31.156,31.083,119,sell
2025-10-03 13:12:20.500000+00:00,31.1076,31.1616,31.1524,145,buy
2025-10-03 13:12:21+00:00,31.1146,31.1541,31.097,124,sell
2025-10-03 13:12:21.500000+00:00,31.1106,31.1581,31.1295,86,sell
2025-10-03 13:12:22+00:00,31.1033,31.1651,31.0943,32,sell
2025-10-03 13:12:22.500000+00:00,31.1086,31.1592,31.0959,86,sell
2025-10-03 13:12:23+00:00,31.103,31.1644,31.1521,53,buy
2025-10-03 13:12:23.500000+00:00,31.108,31.159,31.1278,202,sell
2025-10-03 13:12:24+00:00,31.1097,31.1571,31.1348,115,sell
2025-10-03 13:12:24.500000+00:00,31.1064,31.1602,31.1435,103,buy
2025-10-03 13:12:25+00:00,31.1061,31.1608,31.1008,163,sell
2025-10-03 13:12:25.500000+00:00,31.1072,31.1591,31.1552,66,buy
2025-10-03 13:12:26+00:00,31.1132,31.1529,31.0868,83,sell
2025-10-03 13:12:26.500000+00:00,31.1139,31.1514,31.1094,123,sell
2025-10-03 13:12:27+00:00,31.113,31.1522,31.1266,170,buy
2025-10-03 13:12:27.500000+00:00,31.1085,31.1569,31.1276,144,sell
2025-10-03 13:12:28+00:00,31.1162,31.1488,31.1065,132,sell
2025-10-03 13:12:28.500000+00:00,31.11,31.1546,31.1586,124,buy
2025-10-03 13:12:29+00:00,31.1038,31.1607,31.1346,139,sell
2025-10-03 13:12:29.500000+00:00,31.1079,31.1566,31.0814,130,sell
2025-10-03 13:12:30+00:00,31.1063,31.1575,31.1317,70,buy
2025-10-03 13:12:30.500000+00:00,31.1166,31.147,31.1439,122,buy
2025-10-03 13:12:31+00:00,31.1071,31.1562,31.0939,68,sell
2025-10-03 13:12:31.500000+00:00,31.1028,31.1607,31.1395,124,buy
2025-10-03 13:12:32+00:00,31.1102,31.1521,31.1355,97,sell
2025-10-03 13:12:32.500000+00:00,31.1117,31.1509,31.0951,243,sell
2025-10-03 13:12:33+00:00,31.1094,31.1528,31.1759,118,buy
2025-10-03 13:12:33.500000+00:00,31.1041,31.158,31.0832,52,sell
2025-10-03 13:12:34+00:00,31.1154,31.1462,31.1125,114,sell
2025-10-03 13:12:34.500000+00:00,31.11,31.1514,31.0823,145,sell
2025-10-03 13:12:35+00:00,31.1086,31.1527,31.0971,201,sell
2025-10-03 13:12:35.500000+00:00,31.1177,31.1438,31.141,92,sell
2025-10-03 13:12:36+00:00,31.1063,31.1545,31.094,44,sell
2025-10-03 13:12:36.500000+00:00,31.1013,31.1589,31.1475,160,buy
2025-10-03 13:12:37+00:00,31.1151,31.1449,31.1035,54,sell
2025-10-03 13:12:37.500000+00:00,31.1078,31.1519,31.1536,99,buy
2025-10-03 13:12:38+00:00,31.1071,31.1521,31.1707,108,buy
2025-10-03 13:12:38.500000+00:00,31.1133,31.146,31.1087,117,sell
2025-10-03 13:12:39+00:00,31.112,31.1471,31.0842,153,sell
2025-10-03 13:12:39.500000+00:00,31.1112,31.1473,31.1658,87,buy
2025-10-03 13:12:40+00:00,31.1111,31.1476,31.1745,107,buy
2025-10-03 13:12:40.500000+00:00,31.1061,31.1522,31.1192,119,sell
2025-10-03 13:12:41+00:00,31.0935,31.1643,31.1225,127,sell
2025-10-03 13:12:41.500000+00:00,31.116,31.1417,31.161,125,buy
2025-10-03 13:12:42+00:00,31.1083,31.1495,31.1023,141,sell
2025-10-03 13:12:42.500000+00:00,31.1082,31.1491,31.0826,161,sell
2025-10-03 13:12:43+00:00,31.1012,31.1557,31.0798,139,sell
2025-10-03 13:12:43.500000+00:00,31.1048,31.1517,31.1592,142,buy
2025-10-03 13:12:44+00:00,31.111,31.1453,31.0844,44,sell
2025-10-03 13:12:44.500000+00:00,31.1148,31.1412,31.168,123,buy
2025-10-03 13:12:45+00:00,31.1039,31.1515,31.1407,143,buy
2025-10-03 13:12:45.500000+00:00,31.1039,31.152,31.0899,155,sell
2025-10-03 13:12:46+00:00,31.1032,31.1521,31.1776,87,buy
2025-10-03 13:12:46.500000+00:00,31.1008,31.1543,31.0745,88,sell
2025-10-03 13:12:47+00:00,31.1128,31.1419,31.1219,92,buy
2025-10-03 13:12:47.500000+00:00,31.1024,31.152,31.1308,146,sell
2025-10-03 13:12:48+00:00,31.1077,31.1464,31.0978,170,sell
2025-10-03 13:12:48.500000+00:00,31.1034,31.1502,31.0994,101,sell
2025-10-03 13:12:49+00:00,31.1062,31.1479,31.0916,164,sell
2025-10-03 13:12:49.500000+00:00,31.1057,31.1475,31.0874,126,sell
2025-10-03 13:12:50+00:00,31.1049,31.148,31.1317,114,sell
2025-10-03 13:12:50.500000+00:00,31.1123,31.1405,31.1317,110,buy
2025-10-03 13:12:51+00:00,31.1029,31.1499,31.1278,156,sell
2025-10-03 13:12:51.500000+00:00,31.1084,31.1439,31.1011,136,sell
2025-10-03 13:12:52+00:00,31.098,31.1537,31.0672,230,sell
2025-10-03 13:12:52.500000+00:00,31.1028,31.1493,31.1444,79,buy
2025-10-03 13:12:53+00:00,31.1057,31.146,31.1549,145,buy
2025-10-03 13:12:53.500000+00:00,31.1052,31.1461,31.1182,95,buy
2025-10-03 13:12:54+00:00,31.099,31.1521,31.0979,78,sell
2025-10-03 13:12:54.500000+00:00,31.1051,31.1461,31.1758,120,buy
2025-10-03 13:12:55+00:00,31.1049,31.146,31.1256,127,buy
2025-10-03 13:12:55.500000+00:00,31.1046,31.1454,31.171,261,buy
2025-10-03 13:12:56+00:00,31.1081,31.1421,31.08,111,sell
2025-10-03 13:12:56.500000+00:00,31.0932,31.1564,31.1605,66,buy
2025-10-03 13:12:57+00:00,31.1034,31.146,31.1553,133,buy
2025-10-03 13:12:57.500000+00:00,31.1005,31.1482,31.1091,20,sell
2025-10-03 13:12:58+00:00,31.104,31.1448,31.1217,116,buy
2025-10-03 13:12:58.500000+00:00,31.1021,31.1462,31.1006,121,sell
2025-10-03 13:12:59+00:00,31.0958,31.1526,31.084,159,sell
2025-10-03 13:12:59.500000+00:00,31.1043,31.144,31.1271,167,sell
2025-10-03 13:13:00+00:00,31.1002,31.1396,31.1254,477,sell
2025-10-03 13:13:00.500000+00:00,31.0881,31.1525,31.1545,523,buy
2025-10-03 13:13:01+00:00,31.0936,31.1483,31.1677,252,buy
2025-10-03 13:13:01.500000+00:00,31.0957,31.1461,31.1215,291,sell
2025-10-03 13:13:02+00:00,31.0955,31.1464,31.1497,226,buy
2025-10-03 13:13:02.500000+00:00,31.0991,31.1433,31.1149,373,buy
2025-10-03 13:13:03+00:00,31.1003,31.1429,31.1236,469,buy
2025-10-03 13:13:03.500000+00:00,31.0909,31.1537,31.0598,98,sell
2025-10-03 13:13:04+00:00,31.1009,31.1434,31.1343,377,buy
2025-10-03 13:13:04.500000+00:00,31.1047,31.1401,31.169,288,buy
2025-10-03 13:13:05+00:00,31.0999,31.1452,31.1686,338,buy
2025-10-03 13:13:05.500000+00:00,31.0997,31.1468,31.1215,383,buy
2025-10-03 13:13:06+00:00,31.0977,31.1498,31.0699,299,sell
2025-10-03 13:13:06.500000+00:00,31.0937,31.1535,31.1612,310,buy
2025-10-03 13:13:07+00:00,31.1003,31.1472,31.1337,296,buy
2025-10-03 13:13:07.500000+00:00,31.1075,31.1405,31.1288,449,sell
2025-10-03 13:13:08+00:00,31.1022,31.1453,31.1448,378,buy
2025-10-03 13:13:08.500000+00:00,31.1005,31.149,31.1788,352,buy
2025-10-03 13:13:09+00:00,31.1017,31.148,31.1567,159,buy
2025-10-03 13:13:09.500000+00:00,31.1076,31.1428,31.1385,274,buy
2025-10-03 13:13:10+00:00,31.0992,31.1512,31.177,440,buy
2025-10-03 13:13:10.500000+00:00,31.1038,31.1473,31.0912,328,sell
2025-10-03 13:13:11+00:00,31.1023,31.1493,31.1407,409,buy
2025-10-03 13:13:11.500000+00:00,31.1007,31.1522,31.1827,552,buy
2025-10-03 13:13:12+00:00,31.1025,31.1502,31.1782,458,buy
2025-10-03 13:13:12.500000+00:00,31.1054,31.1491,31.1511,336,buy
2025-10-03 13:13:13+00:00,31.0949,31.1593,31.1402,257,buy
2025-10-03 13:13:13.500000+00:00,31.1044,31.1495,31.1644,6,buy
2025-10-03 13:13:14+00:00,31.1027,31.1523,31.1748,302,buy
2025-10-03 13:13:14.500000+00:00,31.1104,31.1449,31.1115,281,sell
2025-10-03 13:13:15+00:00,31.1099,31.1451,31.1307,374,buy
2025-10-03 13:13:15.500000+00:00,31.1086,31.1489,31.1107,304,sell
2025-10-03 13:13:16+00:00,31.1061,31.1515,31.1054,282,sell
2025-10-03 13:13:16.500000+00:00,31.1029,31.1551,31.1406,93,buy
2025-10-03 13:13:17+00:00,31.1134,31.1449,31.1408,202,sell
2025-10-03 13:13:17.500000+00:00,31.1174,31.1407,31.1122,385,buy
2025-10-03 13:13:18+00:00,31.0917,31.1674,31.1836,546,buy
2025-10-03 13:13:18.500000+00:00,31.108,31.1523,31.1358,311,sell
2025-10-03 13:13:19+00:00,31.1052,31.1547,31.1024,366,sell
2025-10-03 13:13:19.500000+00:00,31.1076,31.1521,31.1739,447,buy
2025-10-03 13:13:20+00:00,31.1181,31.1433,31.1482,218,buy
2025-10-03 13:13:20.500000+00:00,31.1093,31.1527,31.1776,371,buy
2025-10-03 13:13:21+00:00,31.1028,31.1598,31.1663,228,buy
2025-10-03 13:13:21.500000+00:00,31.1017,31.1618,31.1356,436,buy
2025-10-03 13:13:22+00:00,31.12,31.144,31.0944,343,sell
2025-10-03 13:13:22.500000+00:00,31.1056,31.1587,31.1384,362,buy
2025-10-03 13:13:23+00:00,31.1092,31.1562,31.0983,222,sell
2025-10-03 13:13:23.500000+00:00,31.1077,31.1569,31.1865,415,buy
2025-10-03 13:13:24+00:00,31.1125,31.1536,31.0829,594,sell
2025-10-03 13:13:24.500000+00:00,31.1178,31.1489,31.1201,193,sell
2025-10-03 13:13:25+00:00,31.1109,31.1554,31.18,279,buy
2025-10-03 13:13:25.500000+00:00,31.1105,31.1561,31.095,354,sell
2025-10-03 13:13:26+00:00,31.1096,31.158,31.1036,425,sell
2025-10-03 13:13:26.500000+00:00,31.1127,31.1555,31.1378,251,buy
2025-10-03 13:13:27+00:00,31.1097,31.1597,31.1564,43,buy
2025-10-03 13:13:27.500000+00:00,31.1169,31.1524,31.1727,500,buy
2025-10-03 13:13:28+00:00,31.0978,31.1719,31.152,422,buy
2025-10-03 13:13:28.500000+00:00,31.1165,31.1539,31.1672,98,buy
2025-10-03 13:13:29+00:00,31.1097,31.1621,31.1568,245,buy
2025-10-03 13:13:29.500000+00:00,31.1171,31.1547,31.1464,527,buy
2025-10-03 13:13:30+00:00,31.1141,31.158,31.1245,511,sell
2025-10-03 13:13:30.500000+00:00,31.116,31.1568,31.1543,445,buy
2025-10-03 13:13:31+00:00,31.1163,31.1577,31.1824,301,buy
2025-10-03 13:13:31.500000+00:00,31.1162,31.1573,31.1403,334,buy
2025-10-03 13:13:32+00:00,31.1172,31.1578,31.0908,307,sell
2025-10-03 13:13:32.500000+00:00,31.116,31.1591,31.1681,470,buy
2025-10-03 13:13:33+00:00,31.1084,31.167,31.0932,210,sell
2025-10-03 13:13:33.500000+00:00,31.1199,31.1574,31.096,219,sell
2025-10-03 13:13:34+00:00,31.1259,31.1501,31.1566,454,buy
2025-10-03 13:13:34.500000+00:00,31.1086,31.1683,31.1396,318,sell
2025-10-03 13:13:35+00:00,31.1221,31.155,31.1398,502,buy
2025-10-03 13:13:35.500000+00:00,31.1082,31.1705,31.1622,236,buy
2025-10-03 13:13:36+00:00,31.1175,31.1621,31.1548,316,buy
2025-10-03 13:13:36.500000+00:00,31.1134,31.1667,31.1227,204,sell
2025-10-03 13:13:37+00:00,31.1242,31.1562,31.0955,324,sell
2025-10-03 13:13:37.500000+00:00,31.1117,31.1685,31.1125,132,sell
2025-10-03 13:13:38+00:00,31.1173,31.1634,31.087,260,sell
2025-10-03 13:13:38.500000+00:00,31.1287,31.1519,31.1254,137,sell
2025-10-03 13:13:39+00:00,31.1223,31.1607,31.1604,413,buy
2025-10-03 13:13:39.500000+00:00,31.1198,31.1629,31.174,416,buy
2025-10-03 13:13:40+00:00,31.1157,31.1671,31.1348,99,sell
2025-10-03 13:13:40.500000+00:00,31.1192,31.1651,31.1587,496,buy
2025-10-03 13:13:41+00:00,31.1147,31.1689,31.0885,647,sell
2025-10-03 13:13:41.500000+00:00,31.1278,31.157,31.1789,329,buy
2025-10-03 13:13:42+00:00,31.1162,31.1689,31.1897,240,buy
2025-10-03 13:13:42.500000+00:00,31.1248,31.1612,31.1382,690,buy
2025-10-03 13:13:43+00:00,31.1167,31.1695,31.1587,153,buy
2025-10-03 13:13:43.500000+00:00,31.1193,31.1668,31.1461,326,sell
2025-10-03 13:13:44+00:00,31.1148,31.1726,31.1563,347,buy
2025-10-03 13:13:44.500000+00:00,31.119,31.1694,31.0913,498,sell
2025-10-03 13:13:45+00:00,31.1204,31.168,31.1346,370,sell
2025-10-03 13:13:45.500000+00:00,31.1321,31.1572,31.1642,259,buy
2025-10-03 13:13:46+00:00,31.1153,31.1736,31.1003,200,sell
2025-10-03 13:13:46.500000+00:00,31.1112,31.1788,31.155,279,buy
2025-10-03 13:13:47+00:00,31.1218,31.1685,31.1343,193,sell
2025-10-03 13:13:47.500000+00:00,31.1296,31.1619,31.1203,330,sell
2025-10-03 13:13:48+00:00,31.1302,31.1614,31.134,250,buy
2025-10-03 13:13:48.500000+00:00,31.1299,31.1626,31.1603,130,sell
2025-10-03 13:13:49+00:00,31.1266,31.1666,31.1393,486,sell
2025-10-03 13:13:49.500000+00:00,31.1197,31.1739,31.114,259,sell
2025-10-03 13:13:50+00:00,31.1257,31.1682,31.1225,159,sell
2025-10-03 13:13:50.500000+00:00,31.114,31.1799,31.1804,302,buy
2025-10-03 13:13:51+00:00,31.1177,31.1772,31.1279,332,sell
2025-10-03 13:13:51.500000+00:00,31.1236,31.1715,31.1853,97,buy
2025-10-03 13:13:52+00:00,31.12,31.1758,31.0923,367,sell
2025-10-03 13:13:52.500000+00:00,31.1248,31.1715,31.096,188,sell
2025-10-03 13:13:53+00:00,31.1217,31.1748,31.1902,545,buy
2025-10-03 13:13:53.500000+00:00,31.135,31.1616,31.1409,391,buy
2025-10-03 13:13:54+00:00,31.1178,31.18,31.1306,272,sell
2025-10-03 13:13:54.500000+00:00,31.1231,31.1756,31.1165,227,sell
2025-10-03 13:13:55+00:00,31.1166,31.1819,31.1963,310,buy
2025-10-03 13:13:55.500000+00:00,31.1247,31.175,31.1485,403,buy
2025-10-03 13:13:56+00:00,31.1252,31.176,31.1498,320,sell
2025-10-03 13:13:56.500000+00:00,31.1291,31.1722,31.2027,295,buy
2025-10-03 13:13:57+00:00,31.1324,31.1698,31.1575,331,sell
2025-10-03 13:13:57.500000+00:00,31.1252,31.1768,31.1874,245,buy
2025-10-03 13:13:58+00:00,31.1259,31.177,31.159,279,buy
2025-10-03 13:13:58.500000+00:00,31.1334,31.1692,31.1492,53,buy
2025-10-03 13:13:59+00:00,31.1292,31.1739,31.1707,450,buy
2025-10-03 13:13:59.500000+00:00,31.124,31.1786,31.1938,362,buy
2025-10-03 13:14:00+00:00,31.1193,31.1607,31.166,2259,buy
2025-10-03 13:14:00.500000+00:00,31.1193,31.1626,31.1611,1574,buy
2025-10-03 13:14:01+00:00,31.1118,31.1715,31.0909,3522,sell
2025-10-03 13:14:01.500000+00:00,31.1257,31.1598,31.1374,2043,buy
2025-10-03 13:14:02+00:00,31.1134,31.1733,31.0996,1368,sell
2025-10-03 13:14:02.500000+00:00,31.1168,31.1707,31.0896,1090,sell
2025-10-03 13:14:03+00:00,31.1249,31.166,31.1268,2894,sell
2025-10-03 13:14:03.500000+00:00,31.1217,31.1697,31.1423,1555,sell
2025-10-03 13:14:04+00:00,31.1247,31.1681,31.1661,2051,buy
2025-10-03 13:14:04.500000+00:00,31.1207,31.1744,31.0915,2786,sell
2025-10-03 13:14:05+00:00,31.1205,31.1758,31.1291,1625,sell
2025-10-03 13:14:05.500000+00:00,31.1265,31.1715,31.1968,1978,buy
2025-10-03 13:14:06+00:00,31.1327,31.1681,31.1487,2002,sell
2025-10-03 13:14:06.500000+00:00,31.1268,31.174,31.1398,2566,sell
2025-10-03 13:14:07+00:00,31.1306,31.1718,31.1132,2491,sell
2025-10-03 13:14:07.500000+00:00,31.1317,31.1726,31.1902,1838,buy
2025-10-03 13:14:08+00:00,31.131,31.1755,31.1521,2066,sell
2025-10-03 13:14:08.500000+00:00,31.123,31.1835,31.1061,1715,sell
2025-10-03 13:14:09+00:00,31.1349,31.173,31.1588,824,buy
2025-10-03 13:14:09.500000+00:00,31.1371,31.1732,31.1704,2223,buy
2025-10-03 13:14:10+00:00,31.1278,31.1835,31.2098,3541,buy
2025-10-03 13:14:10.500000+00:00,31.1282,31.1855,31.1197,1303,sell
2025-10-03 13:14:11+00:00,31.1383,31.1775,31.1097,1392,sell
2025-10-03 13:14:11.500000+00:00,31.1309,31.1857,31.1277,1313,sell
2025-10-03 13:14:12+00:00,31.1414,31.1765,31.1583,2599,sell
2025-10-03 13:14:12.500000+00:00,31.134,31.1864,31.1937,2377,buy
2025-10-03 13:14:13+00:00,31.1334,31.1891,31.2104,1887,buy
2025-10-03 13:14:13.500000+00:00,31.1384,31.1841,31.1328,1275,sell
2025-10-03 13:14:14+00:00,31.1418,31.1839,31.1248,2090,sell
2025-10-03 13:14:14.500000+00:00,31.1469,31.1804,31.1995,754,buy
2025-10-03 13:14:15+00:00,31.135,31.194,31.1696,2131,buy
2025-10-03 13:14:15.500000+00:00,31.1483,31.1824,31.1234,2718,sell
2025-10-03 13:14:16+00:00,31.1399,31.1931,31.2226,1006,buy
2025-10-03 13:14:16.500000+00:00,31.1452,31.1878,31.1308,780,sell
2025-10-03 13:14:17+00:00,31.1484,31.1865,31.1192,3289,sell
2025-10-03 13:14:17.500000+00:00,31.1453,31.191,31.1228,1522,sell
2025-10-03 13:14:18+00:00,31.1463,31.1917,31.1584,2931,sell
2025-10-03 13:14:18.500000+00:00,31.1477,31.1929,31.1413,1891,sell
2025-10-03 13:14:19+00:00,31.1523,31.1882,31.1914,1885,buy
2025-10-03 13:14:19.500000+00:00,31.1512,31.1912,31.1361,2369,sell
2025-10-03 13:14:20+00:00,31.159,31.1863,31.1908,1302,buy
2025-10-03 13:14:20.500000+00:00,31.1511,31.1957,31.1903,2122,buy
2025-10-03 13:14:21+00:00,31.1462,31.2014,31.1306,1708,sell
2025-10-03 13:14:21.500000+00:00,31.1463,31.2036,31.1516,950,sell
2025-10-03 13:14:22+00:00,31.1534,31.1978,31.1755,2287,buy
2025-10-03 13:14:22.500000+00:00,31.1641,31.1894,31.1648,1803,buy
2025-10-03 13:14:23+00:00,31.1485,31.2057,31.1628,1889,sell
2025-10-03 13:14:23.500000+00:00,31.1489,31.2076,31.2316,1039,buy
2025-10-03 13:14:24+00:00,31.1569,31.2021,31.1866,3298,sell
2025-10-03 13:14:24.500000+00:00,31.1512,31.2082,31.2335,2722,buy
2025-10-03 13:14:25+00:00,31.1473,31.2134,31.1778,2793,sell
2025-10-03 13:14:25.500000+00:00,31.1647,31.198,31.1698,1769,buy
2025-10-03 13:14:26+00:00,31.1564,31.2073,31.207,621,buy
2025-10-03 13:14:26.500000+00:00,31.1542,31.2128,31.171,3590,sell
2025-10-03 13:14:27+00:00,31.1693,31.1979,31.1795,1966,sell
2025-10-03 13:14:27.500000+00:00,31.1609,31.2077,31.194,1411,buy
2025-10-03 13:14:28+00:00,31.1658,31.2041,31.206,2351,buy
2025-10-03 13:14:28.500000+00:00,31.1591,31.2135,31.2215,2956,buy
2025-10-03 13:14:29+00:00,31.1621,31.212,31.1808,1997,buy
2025-10-03 13:14:29.500000+00:00,31.1679,31.207,31.2341,3046,buy
2025-10-03 13:14:30+00:00,31.1669,31.2103,31.1737,2888,sell
2025-10-03 13:14:30.500000+00:00,31.163,31.2145,31.1551,1147,sell
2025-10-03 13:14:31+00:00,31.1687,31.2114,31.2404,1472,buy
2025-10-03 13:14:31.500000+00:00,31.1667,31.2152,31.202,2787,buy
2025-10-03 13:14:32+00:00,31.167,31.2172,31.1592,171,sell
2025-10-03 13:14:32.500000+00:00,31.172,31.2124,31.1422,1895,sell
2025-10-03 13:14:33+00:00,31.1672,31.2186,31.2031,862,buy
2025-10-03 13:14:33.500000+00:00,31.1715,31.2161,31.2363,1631,buy
2025-10-03 13:14:34+00:00,31.1736,31.2153,31.1665,1774,sell
2025-10-03 13:14:34.500000+00:00,31.1703,31.2218,31.2395,1726,buy
2025-10-03 13:14:35+00:00,31.1765,31.2174,31.2088,1570,buy
2025-10-03 13:14:35.500000+00:00,31.1862,31.2085,31.2201,1131,buy
2025-10-03 13:14:36+00:00,31.1813,31.2156,31.2002,3863,sell
2025-10-03 13:14:36.500000+00:00,31.1768,31.221,31.2084,3521,buy
2025-10-03 13:14:37+00:00,31.1827,31.2166,31.231,1078,buy
2025-10-03 13:14:37.500000+00:00,31.1724,31.2276,31.2023,3291,buy
2025-10-03 13:14:38+00:00,31.1802,31.2198,31.247,1693,buy
2025-10-03 13:14:38.500000+00:00,31.1788,31.2212,31.2128,2119,buy
2025-10-03 13:14:39+00:00,31.1779,31.2221,31.2038,1964,buy
2025-10-03 13:14:39.500000+00:00,31.1721,31.2279,31.2165,1483,buy
2025-10-03 13:14:40+00:00,31.1821,31.2179,31.1551,2808,sell
2025-10-03 13:14:40.500000+00:00,31.1719,31.2281,31.2223,2117,buy
2025-10-03 13:14:41+00:00,31.1774,31.2226,31.1621,1631,sell
2025-10-03 13:14:41.500000+00:00,31.1738,31.2262,31.1986,963,buy
2025-10-03 13:14:42+00:00,31.1806,31.2194,31.2357,1295,buy
2025-10-03 13:14:42.500000+00:00,31.1789,31.2211,31.2248,692,buy
2025-10-03 13:14:43+00:00,31.176,31.224,31.1644,2025,sell
2025-10-03 13:14:43.500000+00:00,31.1877,31.2123,31.2268,1050,buy
2025-10-03 13:14:44+00:00,31.1777,31.2223,31.2471,1801,buy
2025-10-03 13:14:44.500000+00:00,31.1752,31.2248,31.228,3120,buy
2025-10-03 13:14:45+00:00,31.1807,31.2193,31.1823,2982,sell
2025-10-03 13:14:45.500000+00:00,31.1782,31.2218,31.2188,1989,buy
2025-10-03 13:14:46+00:00,31.1747,31.2253,31.2283,1945,buy
2025-10-03 13:14:46.500000+00:00,31.1704,31.2296,31.1887,3531,sell
2025-10-03 13:14:47+00:00,31.1814,31.2186,31.1925,2435,sell
2025-10-03 13:14:47.500000+00:00,31.1748,31.2252,31.2197,1751,buy
2025-10-03 13:14:48+00:00,31.1709,31.2291,31.2348,865,buy
2025-10-03 13:14:48.500000+00:00,31.1823,31.2177,31.2008,2333,sell
2025-10-03 13:14:49+00:00,31.1716,31.2284,31.2584,2684,buy
2025-10-03 13:14:49.500000+00:00,31.1778,31.2222,31.1961,1506,sell
2025-10-03 13:14:50+00:00,31.1823,31.2177,31.1946,2250,sell
2025-10-03 13:14:50.500000+00:00,31.1699,31.2301,31.2056,1722,buy
2025-10-03 13:14:51+00:00,31.1759,31.2241,31.2392,1867,buy
2025-10-03 13:14:51.500000+00:00,31.1799,31.2201,31.2153,9,buy
2025-10-03 13:14:52+00:00,31.1782,31.2218,31.2515,1836,buy
2025-10-03 13:14:52.500000+00:00,31.177,31.2231,31.1663,2797,sell
2025-10-03 13:14:53+00:00,31.1714,31.2286,31.1985,1506,buy
2025-10-03 13:14:53.500000+00:00,31.1753,31.2247,31.2254,2058,buy
2025-10-03 13:14:54+00:00,31.1739,31.2261,31.1829,1406,sell
2025-10-03 13:14:54.500000+00:00,31.1744,31.2256,31.2461,2306,buy
2025-10-03 13:14:55+00:00,31.1798,31.2202,31.162,1841,sell
2025-10-03 13:14:55.500000+00:00,31.1728,31.2272,31.2086,1258,buy
2025-10-03 13:14:56+00:00,31.179,31.221,31.2215,3090,buy
2025-10-03 13:14:56.500000+00:00,31.1814,31.2186,31.2043,2764,buy
2025-10-03 13:14:57+00:00,31.1762,31.2238,31.2112,1527,buy
2025-10-03 13:14:57.500000+00:00,31.1783,31.2217,31.1937,2417,sell
2025-10-03 13:14:58+00:00,31.1767,31.2233,31.2356,2448,buy
2025-10-03 13:14:58.500000+00:00,31.1712,31.2288,31.2251,2533,buy
2025-10-03 13:14:59+00:00,31.1771,31.2229,31.1846,649,sell
2025-10-03 13:14:59.500000+00:00,31.1714,31.2286,31.1671,2827,sell
2025-10-03 13:15:00+00:00,31.1876,31.2124,31.1868,290,buy
2025-10-03 13:15:00.500000+00:00,31.169,31.2315,31.1511,221,sell
2025-10-03 13:15:01+00:00,31.1784,31.2216,31.2269,227,buy
2025-10-03 13:15:01.500000+00:00,31.1828,31.2174,31.2142,238,buy
2025-10-03 13:15:02+00:00,31.1835,31.217,31.2407,179,buy
2025-10-03 13:15:02.500000+00:00,31.1757,31.2242,31.2187,142,buy
2025-10-03 13:15:03+00:00,31.1766,31.2234,31.1803,67,sell
2025-10-03 13:15:03.500000+00:00,31.1793,31.2211,31.1592,163,sell
2025-10-03 13:15:04+00:00,31.1731,31.2269,31.1504,268,sell
2025-10-03 13:15:04.500000+00:00,31.1792,31.2204,31.1614,162,sell
2025-10-03 13:15:05+00:00,31.1777,31.2229,31.236,204,buy
2025-10-03 13:15:05.500000+00:00,31.1786,31.2213,31.1564,267,sell
2025-10-03 13:15:06+00:00,31.1748,31.2252,31.2306,272,buy
2025-10-03 13:15:06.500000+00:00,31.1823,31.2181,31.1923,128,buy
2025-10-03 13:15:07+00:00,31.1795,31.2203,31.2302,315,buy
2025-10-03 13:15:07.500000+00:00,31.1791,31.2206,31.1901,327,buy
2025-10-03 13:15:08+00:00,31.1652,31.2349,31.1708,123,sell
2025-10-03 13:15:08.500000+00:00,31.1743,31.2252,31.1789,151,sell
2025-10-03 13:15:09+00:00,31.1818,31.2181,31.2184,333,buy
2025-10-03 13:15:09.500000+00:00,31.1802,31.2199,31.1804,212,sell
2025-10-03 13:15:10+00:00,31.1759,31.2241,31.1627,25,sell
2025-10-03 13:15:10.500000+00:00,31.1777,31.2218,31.1732,99,sell
2025-10-03 13:15:11+00:00,31.1678,31.2327,31.1675,203,sell
2025-10-03 13:15:11.500000+00:00,31.1754,31.2246,31.2405,120,buy
2025-10-03 13:15:12+00:00,31.1793,31.2212,31.1933,188,sell
2025-10-03 13:15:12.500000+00:00,31.1828,31.2172,31.1994,228,buy
2025-10-03 13:15:13+00:00,31.1828,31.217,31.2322,357,buy
2025-10-03 13:15:13.500000+00:00,31.1808,31.2192,31.2164,199,buy
2025-10-03 13:15:14+00:00,31.1757,31.2242,31.198,322,buy
2025-10-03 13:15:14.500000+00:00,31.1766,31.223,31.2287,354,buy
2025-10-03 13:15:15+00:00,31.1837,31.2167,31.1889,355,buy
2025-10-03 13:15:15.500000+00:00,31.1681,31.2318,31.1684,251,sell
2025-10-03 13:15:16+00:00,31.1821,31.2173,31.1969,48,buy
2025-10-03 13:15:16.500000+00:00,31.1747,31.2257,31.1968,267,sell
2025-10-03 13:15:17+00:00,31.1799,31.22,31.2194,320,buy
2025-10-03 13:15:17.500000+00:00,31.1818,31.218,31.2287,218,buy
2025-10-03 13:15:18+00:00,31.1719,31.2276,31.2466,383,buy
2025-10-03 13:15:18.500000+00:00,31.1766,31.2239,31.1534,303,sell
2025-10-03 13:15:19+00:00,31.1819,31.2178,31.203,277,buy
2025-10-03 13:15:19.500000+00:00,31.1783,31.2217,31.1728,323,sell
2025-10-03 13:15:20+00:00,31.18,31.2203,31.2427,255,buy
2025-10-03 13:15:20.500000+00:00,31.1712,31.2289,31.2388,0,buy
2025-10-03 13:15:21+00:00,31.1817,31.2183,31.1962,180,sell
2025-10-03 13:15:21.500000+00:00,31.1644,31.2351,31.2456,333,buy
2025-10-03 13:15:22+00:00,31.1745,31.2253,31.2193,152,buy
2025-10-03 13:15:22.500000+00:00,31.18,31.2201,31.2205,205,buy
2025-10-03 13:15:23+00:00,31.1768,31.223,31.1617,131,sell
2025-10-03 13:15:23.500000+00:00,31.1817,31.2184,31.2123,387,sell
2025-10-03 13:15:24+00:00,31.1726,31.2276,31.2443,377,buy
2025-10-03 13:15:24.500000+00:00,31.1745,31.2258,31.2022,146,buy
2025-10-03 13:15:25+00:00,31.1784,31.2212,31.1688,239,sell
2025-10-03 13:15:25.500000+00:00,31.183,31.2176,31.1961,164,sell
2025-10-03 13:15:26+00:00,31.1851,31.2151,31.1753,281,sell
2025-10-03 13:15:26.500000+00:00,31.1715,31.2285,31.2592,271,buy
2025-10-03 13:15:27+00:00,31.1785,31.2218,31.1678,299,sell
2025-10-03 13:15:27.500000+00:00,31.1737,31.227,31.2122,255,buy
2025-10-03 13:15:28+00:00,31.1811,31.2185,31.1818,491,sell
2025-10-03 13:15:28.500000+00:00,31.1848,31.2152,31.1562,132,sell
2025-10-03 13:15:29+00:00,31.1638,31.2355,31.1357,71,sell
2025-10-03 13:15:29.500000+00:00,31.1762,31.2239,31.1982,190,sell
2025-10-03 13:15:30+00:00,31.1743,31.2258,31.2403,84,buy
2025-10-03 13:15:30.500000+00:00,31.1782,31.2218,31.188,91,sell
2025-10-03 13:15:31+00:00,31.1792,31.2206,31.1774,135,sell
2025-10-03 13:15:31.500000+00:00,31.1767,31.2227,31.2346,142,buy
2025-10-03 13:15:32+00:00,31.1816,31.2185,31.1913,139,buy
2025-10-03 13:15:32.500000+00:00,31.1771,31.2234,31.1847,272,sell
2025-10-03 13:15:33+00:00,31.1702,31.2296,31.1774,180,sell
2025-10-03 13:15:33.500000+00:00,31.1766,31.2236,31.2358,209,buy
2025-10-03 13:15:34+00:00,31.1691,31.2305,31.1597,306,sell
2025-10-03 13:15:34.500000+00:00,31.1858,31.2143,31.163,156,sell
2025-10-03 13:15:35+00:00,31.1778,31.222,31.2042,201,buy
2025-10-03 13:15:35.500000+00:00,31.1796,31.2201,31.1761,258,sell
2025-10-03 13:15:36+00:00,31.1766,31.2232,31.1884,50,sell
2025-10-03 13:15:36.500000+00:00,31.1768,31.2231,31.1892,10,sell
2025-10-03 13:15:37+00:00,31.1796,31.2205,31.2412,257,buy
2025-10-03 13:15:37.500000+00:00,31.1778,31.2218,31.1774,270,sell
2025-10-03 13:15:38+00:00,31.1729,31.227,31.2547,412,buy
2025-10-03 13:15:38.500000+00:00,31.1849,31.2151,31.2408,240,buy
2025-10-03 13:15:39+00:00,31.1731,31.2265,31.181,299,sell
2025-10-03 13:15:39.500000+00:00,31.1732,31.2273,31.1813,208,sell
2025-10-03 13:15:40+00:00,31.1751,31.2246,31.1924,252,sell
2025-10-03 13:15:40.500000+00:00,31.1763,31.2235,31.1586,376,sell
2025-10-03 13:15:41+00:00,31.1766,31.2231,31.1971,33,sell
2025-10-03 13:15:41.500000+00:00,31.1809,31.2197,31.2241,263,buy
2025-10-03 13:15:42+00:00,31.1793,31.2209,31.1997,418,sell
2025-10-03 13:15:42.500000+00:00,31.1763,31.2234,31.2293,251,buy
2025-10-03 13:15:43+00:00,31.1822,31.2182,31.2481,374,buy
2025-10-03 13:15:43.500000+00:00,31.1751,31.2249,31.2079,169,buy
2025-10-03 13:15:44+00:00,31.1743,31.2258,31.1832,222,sell
2025-10-03 13:15:44.500000+00:00,31.1811,31.2188,31.2433,228,buy
2025-10-03 13:15:45+00:00,31.1838,31.2159,31.177,25,sell
2025-10-03 13:15:45.500000+00:00,31.181,31.2191,31.2078,120,sell
2025-10-03 13:15:46+00:00,31.1729,31.2269,31.1998,126,sell
2025-10-03 13:15:46.500000+00:00,31.1788,31.2217,31.2265,300,buy
2025-10-03 13:15:47+00:00,31.1727,31.2269,31.231,304,buy
2025-10-03 13:15:47.500000+00:00,31.1794,31.221,31.21,255,buy
2025-10-03 13:15:48+00:00,31.1721,31.2279,31.1941,300,sell
2025-10-03 13:15:48.500000+00:00,31.1748,31.2253,31.2265,211,buy
2025-10-03 13:15:49+00:00,31.178,31.2223,31.1881,334,sell
2025-10-03 13:15:49.500000+00:00,31.1766,31.2232,31.1914,226,sell
2025-10-03 13:15:50+00:00,31.1801,31.2202,31.2262,231,buy
2025-10-03 13:15:50.500000+00:00,31.1756,31.2235,31.1973,201,buy
2025-10-03 13:15:51+00:00,31.169,31.2308,31.2446,287,buy
2025-10-03 13:15:51.500000+00:00,31.1862,31.2135,31.1758,187,sell
2025-10-03 13:15:52+00:00,31.173,31.2266,31.1763,314,sell
2025-10-03 13:15:52.500000+00:00,31.1707,31.2292,31.2415,123,buy
2025-10-03 13:15:53+00:00,31.174,31.2261,31.1795,126,sell
2025-10-03 13:15:53.500000+00:00,31.1774,31.2228,31.2043,287,buy
2025-10-03 13:15:54+00:00,31.1781,31.222,31.2229,217,buy
2025-10-03 13:15:54.500000+00:00,31.1864,31.2135,31.2433,184,buy
2025-10-03 13:15:55+00:00,31.1764,31.2237,31.1724,306,sell
2025-10-03 13:15:55.500000+00:00,31.1726,31.2275,31.1626,170,sell
2025-10-03 13:15:56+00:00,31.1736,31.2267,31.1785,207,sell
2025-10-03 13:15:56.500000+00:00,31.1847,31.2155,31.2072,352,buy
2025-10-03 13:15:57+00:00,31.1776,31.2224,31.2419,364,buy
2025-10-03 13:15:57.500000+00:00,31.1771,31.2227,31.2326,367,buy
2025-10-03 13:15:58+00:00,31.1735,31.2263,31.1614,200,sell
2025-10-03 13:15:58.500000+00:00,31.1783,31.2215,31.171,337,sell
2025-10-03 13:15:59+00:00,31.1811,31.2188,31.1765,140,sell
2025-10-03 13:15:59.500000+00:00,31.1759,31.2242,31.2373,143,buy
2025-10-03 13:16:00+00:00,31.1606,31.2197,31.2437,197,buy
2025-10-03 13:16:00.500000+00:00,31.1628,31.2176,31.1583,399,sell
2025-10-03 13:16:01+00:00,31.171,31.2106,31.23,236,buy
2025-10-03 13:16:01.500000+00:00,31.1643,31.2173,31.1808,293,sell
2025-10-03 13:16:02+00:00,31.1595,31.2224,31.2044,165,buy
2025-10-03 13:16:02.500000+00:00,31.1703,31.2126,31.1999,158,sell
2025-10-03 13:16:03+00:00,31.17,31.2131,31.1726,336,sell
2025-10-03 13:16:03.500000+00:00,31.1773,31.2062,31.1936,217,sell
2025-10-03 13:16:04+00:00,31.166,31.2182,31.1882,173,sell
2025-10-03 13:16:04.500000+00:00,31.1672,31.2177,31.2082,195,buy
2025-10-03 13:16:05+00:00,31.1707,31.2151,31.2331,337,buy
2025-10-03 13:16:05.500000+00:00,31.1678,31.2175,31.1468,197,sell
2025-10-03 13:16:06+00:00,31.1678,31.2187,31.2393,251,buy
2025-10-03 13:16:06.500000+00:00,31.1663,31.2209,31.2018,265,buy
2025-10-03 13:16:07+00:00,31.1702,31.2174,31.2365,61,buy
2025-10-03 13:16:07.500000+00:00,31.1794,31.209,31.1845,108,sell
2025-10-03 13:16:08+00:00,31.1738,31.2147,31.2381,299,buy
2025-10-03 13:16:08.500000+00:00,31.1685,31.2206,31.2048,186,buy
2025-10-03 13:16:09+00:00,31.1751,31.2147,31.1626,375,sell
2025-10-03 13:16:09.500000+00:00,31.1639,31.2263,31.2139,365,buy
2025-10-03 13:16:10+00:00,31.1807,31.2099,31.2334,339,buy
2025-10-03 13:16:10.500000+00:00,31.1668,31.2246,31.1522,455,sell
2025-10-03 13:16:11+00:00,31.1617,31.2299,31.1928,255,sell
2025-10-03 13:16:11.500000+00:00,31.1809,31.2112,31.2254,332,buy
2025-10-03 13:16:12+00:00,31.1731,31.2197,31.1899,202,buy
2025-10-03 13:16:12.500000+00:00,31.1747,31.2192,31.1618,522,sell
2025-10-03 13:16:13+00:00,31.1815,31.2115,31.2057,473,buy
2025-10-03 13:16:13.500000+00:00,31.1714,31.2232,31.2254,265,buy
2025-10-03 13:16:14+00:00,31.174,31.2211,31.2318,304,buy
2025-10-03 13:16:14.500000+00:00,31.1808,31.2143,31.1565,407,sell
2025-10-03 13:16:15+00:00,31.1783,31.2179,31.1636,248,sell
2025-10-03 13:16:15.500000+00:00,31.1753,31.2215,31.2226,194,buy
2025-10-03 13:16:16+00:00,31.1749,31.2225,31.1687,356,sell
2025-10-03 13:16:16.500000+00:00,31.1714,31.2256,31.1887,272,sell
2025-10-03 13:16:17+00:00,31.1723,31.2264,31.2469,283,buy
2025-10-03 13:16:17.500000+00:00,31.1782,31.2204,31.1588,175,sell
2025-10-03 13:16:18+00:00,31.1814,31.2182,31.2055,82,buy
2025-10-03 13:16:18.500000+00:00,31.1719,31.2282,31.155,288,sell
2025-10-03 13:16:19+00:00,31.1796,31.2206,31.1922,359,buy
2025-10-03 13:16:19.500000+00:00,31.1835,31.2177,31.197,240,sell
2025-10-03 13:16:20+00:00,31.1828,31.2186,31.2265,415,buy
2025-10-03 13:16:20.500000+00:00,31.1827,31.2187,31.1993,189,buy
2025-10-03 13:16:21+00:00,31.18,31.2229,31.2461,152,buy
2025-10-03 13:16:21.500000+00:00,31.1751,31.2278,31.1653,256,sell
2025-10-03 13:16:22+00:00,31.1787,31.2247,31.2071,255,sell
2025-10-03 13:16:22.500000+00:00,31.1705,31.2335,31.1961,345,sell
2025-10-03 13:16:23+00:00,31.1895,31.2153,31.2272,182,buy
2025-10-03 13:16:23.500000+00:00,31.1783,31.2269,31.16,408,sell
2025-10-03 13:16:24+00:00,31.1822,31.2238,31.2107,471,buy
2025-10-03 13:16:24.500000+00:00,31.181,31.2249,31.2,259,sell
2025-10-03 13:16:25+00:00,31.1788,31.2279,31.2083,395,buy
2025-10-03 13:16:25.500000+00:00,31.1765,31.2309,31.2223,152,buy
2025-10-03 13:16:26+00:00,31.1837,31.2248,31.2048,377,buy
2025-10-03 13:16:26.500000+00:00,31.1808,31.2276,31.1786,374,sell
2025-10-03 13:16:27+00:00,31.1943,31.2151,31.1765,354,sell
2025-10-03 13:16:27.500000+00:00,31.1822,31.2274,31.2421,262,buy
2025-10-03 13:16:28+00:00,31.1781,31.2319,31.2296,47,buy
2025-10-03 13:16:28.500000+00:00,31.1814,31.2292,31.236,196,buy
2025-10-03 13:16:29+00:00,31.1859,31.2252,31.2272,197,buy
2025-10-03 13:16:29.500000+00:00,31.1849,31.227,31.2394,160,buy
2025-10-03 13:16:30+00:00,31.1884,31.2242,31.238,276,buy
2025-10-03 13:16:30.500000+00:00,31.1809,31.2321,31.2255,219,buy
2025-10-03 13:16:31+00:00,31.1788,31.2349,31.1895,176,sell
2025-10-03 13:16:31.500000+00:00,31.1908,31.2228,31.2203,152,buy
2025-10-03 13:16:32+00:00,31.179,31.2353,31.2316,188,buy
