timestamp,bid,ask,trade_price,volume,side
2025-10-24 13:00:00+00:00,145629.0841,145813.0196,145947.9399,0,buy
2025-10-24 13:00:00.500000+00:00,145614.5479,145828.114,145671.6213,0,sell
2025-10-24 13:00:01+00:00,145638.7481,145804.858,145732.0264,0,buy
2025-10-24 13:00:01.500000+00:00,145620.3072,145824.2674,145886.854,0,buy
2025-10-24 13:00:02+00:00,145640.683,145804.1449,145709.9779,0,sell
2025-10-24 13:00:02.500000+00:00,145593.4242,145852.1343,145625.9558,0,sell
2025-10-24 13:00:03+00:00,145647.3096,145799.4723,145874.66,0,buy
2025-10-24 13:00:03.500000+00:00,145624.9379,145822.3541,145710.3837,0,buy
2025-10-24 13:00:04+00:00,145604.8491,145842.8374,145725.5314,0,buy
2025-10-24 13:00:04.500000+00:00,145598.1204,145850.5718,145842.8335,0,buy
2025-10-24 13:00:05+00:00,145620.8022,145828.3474,145862.1359,0,buy
2025-10-24 13:00:05.500000+00:00,145642.9211,145806.9585,145510.4746,0,sell
2025-10-24 13:00:06+00:00,145584.6027,145866.1999,145970.1995,0,buy
2025-10-24 13:00:06.500000+00:00,145647.566,145803.3817,145549.3804,0,sell
2025-10-24 13:00:07+00:00,145612.2191,145839.5104,145864.5293,0,buy
2025-10-24 13:00:07.500000+00:00,145630.2133,145822.5627,145652.196,0,sell
2025-10-24 13:00:08+00:00,145582.7284,145870.6559,145883.9642,0,buy
2025-10-24 13:00:08.500000+00:00,145644.9999,145809.4757,145611.8227,0,sell
2025-10-24 13:00:09+00:00,145611.9993,145842.8749,145790.0726,0,buy
2025-10-24 13:00:09.500000+00:00,145632.0498,145823.418,145493.196,0,sell
2025-10-24 13:00:10+00:00,145632.0769,145824.9035,145882.2819,0,buy
2025-10-24 13:00:10.500000+00:00,145600.7576,145856.4939,145710.678,0,sell
2025-10-24 13:00:11+00:00,145601.9655,145856.0964,145762.0015,0,buy
2025-10-24 13:00:11.500000+00:00,145606.1334,145852.2537,145695.4874,0,sell
2025-10-24 13:00:12+00:00,145620.8381,145838.5188,145919.1422,0,buy
2025-10-24 13:00:12.500000+00:00,145618.2705,145841.9952,145967.6402,0,buy
2025-10-24 13:00:13+00:00,145625.7874,145834.8661,145699.9234,0,sell
2025-10-24 13:00:13.500000+00:00,145597.5825,145864.2165,145981.6527,0,buy
2025-10-24 13:00:14+00:00,145593.2965,145868.9679,145984.357,0,buy
2025-10-24 13:00:14.500000+00:00,145621.7817,145841.2973,145698.6171,0,buy
2025-10-24 13:00:15+00:00,145615.4776,145848.2478,145636.865,0,sell
2025-10-24 13:00:15.500000+00:00,145626.1069,145839.016,145611.0916,0,sell
2025-10-24 13:00:16+00:00,145645.3652,145819.9814,145718.8796,0,sell
2025-10-24 13:00:16.500000+00:00,145650.1392,145815.6544,145734.505,0,sell
2025-10-24 13:00:17+00:00,145624.4851,145842.55,145856.9968,0,buy
2025-10-24 13:00:17.500000+00:00,145643.9191,145823.2915,145936.3641,0,buy
2025-10-24 13:00:18+00:00,145642.9097,145825.42,145901.6898,0,buy
2025-10-24 13:00:18.500000+00:00,145631.9604,145836.5107,145515.7819,0,sell
2025-10-24 13:00:19+00:00,145620.0307,145849.3427,145943.2289,0,buy
2025-10-24 13:00:19.500000+00:00,145637.0397,145833.4787,145515.0975,0,sell
2025-10-24 13:00:20+00:00,145658.052,145813.3443,145788.3427,0,sell
2025-10-24 13:00:20.500000+00:00,145657.4522,145814.5207,145731.265,0,sell
2025-10-24 13:00:21+00:00,145642.7161,145829.9095,145659.7284,0,sell
2025-10-24 13:00:21.500000+00:00,145632.0165,145841.2893,145959.8158,0,buy
2025-10-24 13:00:22+00:00,145627.9714,145845.7452,145836.6038,0,buy
2025-10-24 13:00:22.500000+00:00,145649.9396,145824.7138,145713.5423,0,buy
2025-10-24 13:00:23+00:00,145621.3691,145854.0854,145645.6497,0,sell
2025-10-24 13:00:23.500000+00:00,145647.079,145829.5186,145610.6295,0,sell
2025-10-24 13:00:24+00:00,145614.1762,145862.9582,145998.0922,0,buy
2025-10-24 13:00:24.500000+00:00,145638.1133,145839.1793,145976.2328,0,buy
2025-10-24 13:00:25+00:00,145625.0919,145853.4985,145869.2082,0,buy
2025-10-24 13:00:25.500000+00:00,145629.9842,145849.1442,145636.7117,0,sell
2025-10-24 13:00:26+00:00,145598.8615,145880.9182,145918.1348,0,buy
2025-10-24 13:00:26.500000+00:00,145610.1543,145870.7063,145726.9796,0,sell
2025-10-24 13:00:27+00:00,145583.6754,145898.0298,145807.0248,0,buy
2025-10-24 13:00:27.500000+00:00,145649.5688,145832.8399,145790.0678,0,buy
2025-10-24 13:00:28+00:00,145648.6187,145834.0396,145790.2506,0,sell
2025-10-24 13:00:28.500000+00:00,145629.1724,145854.3606,145639.6858,0,sell
2025-10-24 13:00:29+00:00,145612.1347,145872.3031,145513.8805,0,sell
2025-10-24 13:00:29.500000+00:00,145645.9767,145839.3668,145739.9292,0,sell
2025-10-24 13:00:30+00:00,145662.3945,145823.2844,145769.038,0,sell
2025-10-24 13:00:30.500000+00:00,145593.8988,145892.5905,145754.3914,0,buy
2025-10-24 13:00:31+00:00,145608.3929,145878.5769,145506.5885,0,sell
2025-10-24 13:00:31.500000+00:00,145644.7871,145842.889,145610.0918,0,sell
2025-10-24 13:00:32+00:00,145637.672,145851.2806,145785.1829,0,buy
2025-10-24 13:00:32.500000+00:00,145608.546,145881.285,145987.6973,0,buy
2025-10-24 13:00:33+00:00,145635.6633,145854.5102,145765.2108,0,sell
2025-10-24 13:00:33.500000+00:00,145635.262,145855.9345,145561.6719,0,sell
2025-10-24 13:00:34+00:00,145659.9071,145831.8456,145690.8379,0,sell
2025-10-24 13:00:34.500000+00:00,145639.908,145852.3018,145902.3877,0,buy
2025-10-24 13:00:35+00:00,145670.8358,145822.3782,145872.4166,0,buy
2025-10-24 13:00:35.500000+00:00,145609.8892,145884.3752,145963.8292,0,buy
2025-10-24 13:00:36+00:00,145612.1913,145882.3761,145629.938,0,sell
2025-10-24 13:00:36.500000+00:00,145637.0795,145858.6535,145608.9665,0,sell
2025-10-24 13:00:37+00:00,145624.2433,145871.0834,145540.6445,0,sell
2025-10-24 13:00:37.500000+00:00,145608.9238,145887.3887,145745.7451,0,buy
2025-10-24 13:00:38+00:00,145615.7056,145880.6069,145862.3645,0,buy
2025-10-24 13:00:38.500000+00:00,145677.2951,145819.0174,145633.0836,0,sell
2025-10-24 13:00:39+00:00,145606.0003,145890.3122,145925.9348,0,buy
2025-10-24 13:00:39.500000+00:00,145637.2253,145859.0872,145768.1591,0,sell
2025-10-24 13:00:40+00:00,145676.0849,145820.2276,145960.2246,0,buy
2025-10-24 13:00:40.500000+00:00,145640.0595,145856.253,145806.2977,0,buy
2025-10-24 13:00:41+00:00,145667.3637,145828.9488,145720.7086,0,buy
2025-10-24 13:00:41.500000+00:00,145624.2046,145872.1079,145770.5525,0,buy
2025-10-24 13:00:42+00:00,145630.8305,145865.482,145820.4584,0,buy
2025-10-24 13:00:42.500000+00:00,145659.393,145836.9195,145651.8075,0,sell
2025-10-24 13:00:43+00:00,145660.3953,145835.9172,145702.0015,0,buy
2025-10-24 13:00:43.500000+00:00,145627.8256,145868.4869,145803.8936,0,buy
2025-10-24 13:00:44+00:00,145641.1851,145855.1274,145815.5336,0,buy
2025-10-24 13:00:44.500000+00:00,145661.4778,145834.8347,145890.3671,0,buy
2025-10-24 13:00:45+00:00,145654.1427,145842.1698,145776.7463,0,sell
2025-10-24 13:00:45.500000+00:00,145634.1671,145862.1454,145797.0552,0,buy
2025-10-24 13:00:46+00:00,145625.4181,145870.8944,145786.0995,0,buy
2025-10-24 13:00:46.500000+00:00,145622.2843,145874.0282,145869.5128,0,buy
2025-10-24 13:00:47+00:00,145671.9706,145824.3419,145896.5165,0,buy
2025-10-24 13:00:47.500000+00:00,145608.9622,145887.3503,145815.1176,0,buy
2025-10-24 13:00:48+00:00,145626.2403,145870.0722,145879.441,0,buy
2025-10-24 13:00:48.500000+00:00,145632.0405,145864.272,145848.9307,0,buy
2025-10-24 13:00:49+00:00,145673.9656,145822.3469,145786.5575,0,buy
2025-10-24 13:00:49.500000+00:00,145634.397,145861.9155,145810.0118,0,buy
2025-10-24 13:00:50+00:00,145652.9807,145843.3318,145957.2434,0,buy
2025-10-24 13:00:50.500000+00:00,145662.4902,145833.8223,145714.6672,0,sell
2025-10-24 13:00:51+00:00,145639.0194,145857.2931,145868.1176,0,buy
2025-10-24 13:00:51.500000+00:00,145606.4903,145889.8222,145677.9654,0,sell
2025-10-24 13:00:52+00:00,145661.5216,145834.7909,145794.8561,0,buy
2025-10-24 13:00:52.500000+00:00,145643.0064,145853.3061,145663.6231,0,sell
2025-10-24 13:00:53+00:00,145669.4209,145826.8916,145725.6466,0,buy
2025-10-24 13:00:53.500000+00:00,145626.5374,145869.7751,145770.7825,0,buy
2025-10-24 13:00:54+00:00,145651.7962,145844.5163,145960.2484,0,buy
2025-10-24 13:00:54.500000+00:00,145657.7339,145838.5786,145845.728,0,buy
2025-10-24 13:00:55+00:00,145632.9323,145863.3802,145833.5819,0,buy
2025-10-24 13:00:55.500000+00:00,145639.9434,145856.3691,145746.4083,0,sell
2025-10-24 13:00:56+00:00,145651.4546,145844.8579,145894.0494,0,buy
2025-10-24 13:00:56.500000+00:00,145622.3306,145873.9819,145638.8625,0,sell
2025-10-24 13:00:57+00:00,145675.342,145820.9705,145584.162,0,sell
2025-10-24 13:00:57.500000+00:00,145626.9661,145869.3464,145847.5934,0,buy
2025-10-24 13:00:58+00:00,145674.4268,145821.8857,145854.1473,0,buy
2025-10-24 13:00:58.500000+00:00,145637.7939,145858.5186,145882.2172,0,buy
2025-10-24 13:00:59+00:00,145640.2898,145856.0227,145725.2842,0,buy
2025-10-24 13:00:59.500000+00:00,145665.3206,145830.9919,145724.3645,0,buy
2025-10-24 13:01:00+00:00,145635.7842,145851.1449,145863.3675,0,buy
2025-10-24 13:01:00.500000+00:00,145620.9781,145866.7317,145688.6118,0,sell
2025-10-24 13:01:01+00:00,145623.7557,145866.8497,145725.458,0,sell
2025-10-24 13:01:01.500000+00:00,145612.6211,145878.4951,145875.4098,0,buy
2025-10-24 13:01:02+00:00,145628.3904,145865.7957,145885.6174,0,buy
2025-10-24 13:01:02.500000+00:00,145634.5122,145862.2158,145498.7651,0,sell
2025-10-24 13:01:03+00:00,145662.2552,145833.6086,145799.486,0,sell
2025-10-24 13:01:03.500000+00:00,145617.1356,145881.8088,145609.6259,0,sell
2025-10-24 13:01:04+00:00,145640.974,145860.8386,145956.7904,0,buy
2025-10-24 13:01:04.500000+00:00,145641.6159,145861.5444,145889.6285,0,buy
2025-10-24 13:01:05+00:00,145652.9168,145852.5472,145909.8056,0,buy
2025-10-24 13:01:05.500000+00:00,145650.7814,145855.8925,145921.4596,0,buy
2025-10-24 13:01:06+00:00,145649.2996,145859.7601,145944.5698,0,buy
2025-10-24 13:01:06.500000+00:00,145655.6909,145855.0961,145891.8199,0,buy
2025-10-24 13:01:07+00:00,145641.6535,145871.9661,145733.2129,0,buy
2025-10-24 13:01:07.500000+00:00,145628.6679,145886.2052,145489.2342,0,sell
2025-10-24 13:01:08+00:00,145647.2972,145869.5329,145734.3312,0,sell
2025-10-24 13:01:08.500000+00:00,145626.4849,145891.7146,145583.0042,0,sell
2025-10-24 13:01:09+00:00,145662.0121,145858.0322,145895.2276,0,buy
2025-10-24 13:01:09.500000+00:00,145620.8558,145901.1257,145761.8411,0,sell
2025-10-24 13:01:10+00:00,145662.6507,145861.8129,145931.1212,0,buy
2025-10-24 13:01:10.500000+00:00,145621.7935,145903.9927,145790.326,0,buy
2025-10-24 13:01:11+00:00,145684.166,145844.0203,145766.3169,0,buy
2025-10-24 13:01:11.500000+00:00,145676.4345,145854.9107,145714.2698,0,buy
2025-10-24 13:01:12+00:00,145657.6304,145874.763,145927.175,0,buy
2025-10-24 13:01:12.500000+00:00,145652.2771,145881.1694,146012.4512,0,buy
2025-10-24 13:01:13+00:00,145637.3629,145899.0601,145627.8678,0,sell
2025-10-24 13:01:13.500000+00:00,145663.9451,145873.2402,145566.9428,0,sell
2025-10-24 13:01:14+00:00,145656.0002,145881.9327,145659.6965,0,sell
2025-10-24 13:01:14.500000+00:00,145650.1838,145890.3746,145795.9917,0,buy
2025-10-24 13:01:15+00:00,145675.221,145866.6267,145631.5549,0,sell
2025-10-24 13:01:15.500000+00:00,145675.2259,145869.5926,146006.4482,0,buy
2025-10-24 13:01:16+00:00,145633.0981,145913.8799,145532.2897,0,sell
2025-10-24 13:01:16.500000+00:00,145678.1722,145871.8746,145597.8862,0,sell
2025-10-24 13:01:17+00:00,145661.7274,145889.265,145685.0584,0,sell
2025-10-24 13:01:17.500000+00:00,145700.0644,145852.4409,145962.5481,0,buy
2025-10-24 13:01:18+00:00,145681.6383,145873.5054,145814.3984,0,sell
2025-10-24 13:01:18.500000+00:00,145676.5925,145878.3032,145766.771,0,sell
2025-10-24 13:01:19+00:00,145655.5258,145902.9954,145876.2815,0,buy
2025-10-24 13:01:19.500000+00:00,145627.1061,145933.6913,145863.5712,0,buy
2025-10-24 13:01:20+00:00,145671.9428,145889.1649,145807.5204,0,buy
2025-10-24 13:01:20.500000+00:00,145633.8496,145931.0077,145510.3902,0,sell
2025-10-24 13:01:21+00:00,145674.1154,145892.0718,145919.0349,0,buy
2025-10-24 13:01:21.500000+00:00,145648.4516,145919.1018,145604.1188,0,sell
2025-10-24 13:01:22+00:00,145660.8455,145909.346,146019.8373,0,buy
2025-10-24 13:01:22.500000+00:00,145636.8993,145936.3468,145683.0522,0,sell
2025-10-24 13:01:23+00:00,145659.5525,145914.1174,145712.0309,0,sell
2025-10-24 13:01:23.500000+00:00,145667.3735,145908.2415,145740.9986,0,sell
2025-10-24 13:01:24+00:00,145682.8201,145894.1937,145965.2466,0,buy
2025-10-24 13:01:24.500000+00:00,145676.7678,145901.8686,145994.6526,0,buy
2025-10-24 13:01:25+00:00,145680.8887,145900.8322,145838.6896,0,buy
2025-10-24 13:01:25.500000+00:00,145653.9129,145928.5158,145794.0862,0,sell
2025-10-24 13:01:26+00:00,145712.8851,145872.0968,145724.5379,0,sell
2025-10-24 13:01:26.500000+00:00,145667.5815,145918.911,145553.0811,0,sell
2025-10-24 13:01:27+00:00,145679.7333,145909.3328,145633.6613,0,sell
2025-10-24 13:01:27.500000+00:00,145651.5865,145939.2753,145777.4377,0,sell
2025-10-24 13:01:28+00:00,145697.0443,145896.2127,145956.9558,0,buy
2025-10-24 13:01:28.500000+00:00,145683.439,145910.6239,145934.603,0,buy
2025-10-24 13:01:29+00:00,145662.5815,145933.5493,146041.9886,0,buy
2025-10-24 13:01:29.500000+00:00,145722.7271,145874.8016,145859.3794,0,sell
2025-10-24 13:01:30+00:00,145702.7758,145897.0284,145564.2378,0,sell
2025-10-24 13:01:30.500000+00:00,145683.5407,145918.7418,145867.2647,0,buy
2025-10-24 13:01:31+00:00,145658.6343,145945.8147,145642.8748,0,sell
2025-10-24 13:01:31.500000+00:00,145694.667,145910.4949,146055.5663,0,buy
2025-10-24 13:01:32+00:00,145726.4784,145881.8467,145967.8614,0,buy
2025-10-24 13:01:32.500000+00:00,145744.0189,145866.5476,145662.6266,0,sell
2025-10-24 13:01:33+00:00,145691.2133,145920.5864,145625.1451,0,sell
2025-10-24 13:01:33.500000+00:00,145710.347,145904.384,145608.6581,0,sell
2025-10-24 13:01:34+00:00,145683.803,145930.9553,145971.3857,0,buy
2025-10-24 13:01:34.500000+00:00,145700.975,145915.3491,145849.4582,0,buy
2025-10-24 13:01:35+00:00,145700.5631,145917.2824,145621.8715,0,sell
2025-10-24 13:01:35.500000+00:00,145696.3473,145925.7083,145788.8691,0,buy
2025-10-24 13:01:36+00:00,145729.6944,145893.6652,145721.8862,0,sell
2025-10-24 13:01:36.500000+00:00,145671.4413,145953.3155,145579.8214,0,sell
2025-10-24 13:01:37+00:00,145696.5898,145930.3022,145797.0573,0,sell
2025-10-24 13:01:37.500000+00:00,145694.3527,145933.0535,145731.1319,0,sell
2025-10-24 13:01:38+00:00,145700.0445,145927.3617,145694.6601,0,sell
2025-10-24 13:01:38.500000+00:00,145688.8355,145938.5708,145829.1711,0,buy
2025-10-24 13:01:39+00:00,145719.1369,145908.2693,145905.8165,0,buy
2025-10-24 13:01:39.500000+00:00,145664.9526,145962.4537,145986.3832,0,buy
2025-10-24 13:01:40+00:00,145685.9562,145941.45,145928.3795,0,buy
2025-10-24 13:01:40.500000+00:00,145718.6171,145908.7892,145784.0217,0,buy
2025-10-24 13:01:41+00:00,145714.2357,145913.1705,145653.5203,0,sell
2025-10-24 13:01:41.500000+00:00,145757.3581,145870.0482,145862.339,0,sell
2025-10-24 13:01:42+00:00,145725.4926,145901.9136,146043.9237,0,buy
2025-10-24 13:01:42.500000+00:00,145705.3864,145922.0199,145921.6954,0,buy
2025-10-24 13:01:43+00:00,145671.4604,145955.9458,145528.6356,0,sell
2025-10-24 13:01:43.500000+00:00,145685.1531,145942.2531,145947.4229,0,buy
2025-10-24 13:01:44+00:00,145709.7491,145917.6571,145794.6714,0,buy
2025-10-24 13:01:44.500000+00:00,145719.2592,145908.147,145800.9675,0,buy
2025-10-24 13:01:45+00:00,145665.0237,145962.3825,145577.6685,0,sell
2025-10-24 13:01:45.500000+00:00,145690.3263,145937.08,145821.6635,0,buy
2025-10-24 13:01:46+00:00,145673.7361,145953.6702,146081.0037,0,buy
2025-10-24 13:01:46.500000+00:00,145684.1192,145943.287,145955.3409,0,buy
2025-10-24 13:01:47+00:00,145689.0713,145938.335,145776.9882,0,sell
2025-10-24 13:01:47.500000+00:00,145695.7365,145931.6697,146023.5556,0,buy
2025-10-24 13:01:48+00:00,145675.5287,145951.8775,145993.7884,0,buy
2025-10-24 13:01:48.500000+00:00,145700.0209,145927.3853,145994.9758,0,buy
2025-10-24 13:01:49+00:00,145718.5907,145908.8156,145636.7592,0,sell
2025-10-24 13:01:49.500000+00:00,145714.9264,145912.4798,145667.393,0,sell
2025-10-24 13:01:50+00:00,145692.9074,145934.4989,145692.3816,0,sell
2025-10-24 13:01:50.500000+00:00,145716.8908,145910.5154,145780.7736,0,sell
2025-10-24 13:01:51+00:00,145703.5116,145923.8946,145976.4938,0,buy
2025-10-24 13:01:51.500000+00:00,145701.7175,145925.6887,145788.709,0,buy
2025-10-24 13:01:52+00:00,145709.9722,145917.434,145776.1738,0,sell
2025-10-24 13:01:52.500000+00:00,145740.8382,145886.568,145719.1209,0,sell
2025-10-24 13:01:53+00:00,145731.1529,145896.2534,145597.112,0,sell
2025-10-24 13:01:53.500000+00:00,145736.3717,145891.0345,145759.3035,0,sell
2025-10-24 13:01:54+00:00,145667.5119,145959.8944,146068.904,0,buy
2025-10-24 13:01:54.500000+00:00,145714.3796,145913.0267,145691.5668,0,sell
2025-10-24 13:01:55+00:00,145690.0752,145937.331,145605.7679,0,sell
2025-10-24 13:01:55.500000+00:00,145738.8218,145888.5845,145777.1686,0,sell
2025-10-24 13:01:56+00:00,145718.0252,145909.3811,145837.232,0,sell
2025-10-24 13:01:56.500000+00:00,145695.6858,145931.7204,145855.1189,0,buy
2025-10-24 13:01:57+00:00,145704.9018,145922.5045,146030.706,0,buy
2025-10-24 13:01:57.500000+00:00,145678.6929,145948.7134,145953.0385,0,buy
2025-10-24 13:01:58+00:00,145679.217,145948.1893,145916.3964,0,buy
2025-10-24 13:01:58.500000+00:00,145742.394,145885.0123,145671.8935,0,sell
2025-10-24 13:01:59+00:00,145732.6602,145894.7461,145625.0727,0,sell
2025-10-24 13:01:59.500000+00:00,145678.9532,145948.4531,145665.4894,0,sell
2025-10-24 13:02:00+00:00,145698.1392,145977.7196,145978.4688,0,buy
2025-10-24 13:02:00.500000+00:00,145716.7486,145959.9111,145856.6807,0,buy
2025-10-24 13:02:01+00:00,145743.7803,145935.8727,145829.3881,0,buy
2025-10-24 13:02:01.500000+00:00,145734.8978,145945.4777,145749.3342,0,sell
2025-10-24 13:02:02+00:00,145732.8394,145948.5159,145950.3087,0,buy
2025-10-24 13:02:02.500000+00:00,145721.8035,145961.8519,145846.7361,0,buy
2025-10-24 13:02:03+00:00,145760.3003,145926.1374,145804.087,0,sell
2025-10-24 13:02:03.500000+00:00,145721.3257,145966.3402,145838.2838,0,buy
2025-10-24 13:02:04+00:00,145739.5681,145948.9957,146093.4462,0,buy
2025-10-24 13:02:04.500000+00:00,145703.0957,145987.0879,146044.0331,0,buy
2025-10-24 13:02:05+00:00,145749.9451,145941.8753,145622.3532,0,sell
2025-10-24 13:02:05.500000+00:00,145744.6744,145950.2112,146095.1972,0,buy
2025-10-24 13:02:06+00:00,145728.7975,145966.6871,146002.8564,0,buy
2025-10-24 13:02:06.500000+00:00,145713.1324,145984.0014,145962.4201,0,buy
2025-10-24 13:02:07+00:00,145770.0744,145929.0412,145903.9792,0,buy
2025-10-24 13:02:07.500000+00:00,145745.6592,145954.5997,145813.7557,0,sell
2025-10-24 13:02:08+00:00,145754.0141,145947.565,145877.4556,0,buy
2025-10-24 13:02:08.500000+00:00,145798.916,145904.3211,145693.0979,0,sell
2025-10-24 13:02:09+00:00,145775.4323,145929.5001,145853.9674,0,buy
2025-10-24 13:02:09.500000+00:00,145739.8851,145966.6881,145827.7771,0,sell
2025-10-24 13:02:10+00:00,145745.2713,145963.3829,145977.3836,0,buy
2025-10-24 13:02:10.500000+00:00,145732.8686,145976.9987,146077.5352,0,buy
2025-10-24 13:02:11+00:00,145747.1542,145964.7434,145913.5611,0,buy
2025-10-24 13:02:11.500000+00:00,145767.54,145945.4878,145760.5484,0,sell
2025-10-24 13:02:12+00:00,145777.9942,145936.7497,146019.9385,0,buy
2025-10-24 13:02:12.500000+00:00,145783.4657,145931.647,145916.2263,0,sell
2025-10-24 13:02:13+00:00,145764.4886,145954.0003,145746.2981,0,sell
2025-10-24 13:02:13.500000+00:00,145727.7359,145992.0299,146091.5589,0,buy
2025-10-24 13:02:14+00:00,145704.2936,146017.485,145819.4343,0,sell
2025-10-24 13:02:14.500000+00:00,145764.3833,145956.6691,145797.5982,0,sell
2025-10-24 13:02:15+00:00,145752.7405,145972.9353,146042.2531,0,buy
2025-10-24 13:02:15.500000+00:00,145770.0639,145955.8897,146008.5003,0,buy
2025-10-24 13:02:16+00:00,145762.7578,145965.5678,145823.1371,0,buy
2025-10-24 13:02:16.500000+00:00,145750.8868,145977.7647,145820.1209,0,sell
2025-10-24 13:02:17+00:00,145785.7094,145945.558,146025.7269,0,buy
2025-10-24 13:02:17.500000+00:00,145777.8012,145954.0825,145686.0182,0,sell
2025-10-24 13:02:18+00:00,145731.538,146002.2248,145862.3386,0,buy
2025-10-24 13:02:18.500000+00:00,145743.3237,145993.5882,146130.1973,0,buy
2025-10-24 13:02:19+00:00,145737.4367,145999.8273,145703.0251,0,sell
2025-10-24 13:02:19.500000+00:00,145776.7219,145962.4082,145851.8815,0,buy
2025-10-24 13:02:20+00:00,145732.1071,146009.0363,145740.9391,0,sell
2025-10-24 13:02:20.500000+00:00,145749.6949,145992.8432,146129.6352,0,buy
2025-10-24 13:02:21+00:00,145776.6518,145967.2984,145806.3557,0,sell
2025-10-24 13:02:21.500000+00:00,145743.1432,146002.5564,145815.4531,0,sell
2025-10-24 13:02:22+00:00,145753.0897,145995.4582,145948.2338,0,buy
2025-10-24 13:02:22.500000+00:00,145741.4692,146007.2161,145661.1994,0,sell
2025-10-24 13:02:23+00:00,145788.686,145961.7754,145994.7451,0,buy
2025-10-24 13:02:23.500000+00:00,145809.9162,145942.6772,145734.2971,0,sell
2025-10-24 13:02:24+00:00,145772.5569,145981.6898,145815.0673,0,sell
2025-10-24 13:02:24.500000+00:00,145774.6066,145981.3093,146073.554,0,buy
2025-10-24 13:02:25+00:00,145772.8508,145984.3549,145761.3463,0,sell
2025-10-24 13:02:25.500000+00:00,145763.2837,145994.4687,145829.8948,0,sell
2025-10-24 13:02:26+00:00,145756.6071,146004.4383,146017.5866,0,buy
2025-10-24 13:02:26.500000+00:00,145745.407,146015.5838,145872.9016,0,sell
2025-10-24 13:02:27+00:00,145763.5846,145999.8993,145680.0654,0,sell
2025-10-24 13:02:27.500000+00:00,145787.0752,145977.3921,146076.862,0,buy
2025-10-24 13:02:28+00:00,145767.0812,145999.4221,145769.5185,0,sell
2025-10-24 13:02:28.500000+00:00,145737.518,146030.8421,146049.8326,0,buy
2025-10-24 13:02:29+00:00,145759.089,146010.8869,145835.2107,0,sell
2025-10-24 13:02:29.500000+00:00,145768.0731,146003.5835,145992.358,0,buy
2025-10-24 13:02:30+00:00,145782.1562,145991.8386,145695.8636,0,sell
2025-10-24 13:02:30.500000+00:00,145796.6544,145978.2616,145864.6165,0,sell
2025-10-24 13:02:31+00:00,145804.8116,145971.3042,146054.1551,0,buy
2025-10-24 13:02:31.500000+00:00,145770.0856,146008.3783,145625.8402,0,sell
2025-10-24 13:02:32+00:00,145797.8687,145982.3512,145759.3608,0,sell
2025-10-24 13:02:32.500000+00:00,145766.5876,146013.7962,145911.2618,0,buy
2025-10-24 13:02:33+00:00,145766.3247,146016.7788,145727.9326,0,sell
2025-10-24 13:02:33.500000+00:00,145791.1328,145993.6534,146058.4953,0,buy
2025-10-24 13:02:34+00:00,145778.5657,146007.239,145981.7233,0,buy
2025-10-24 13:02:34.500000+00:00,145764.3869,146024.0461,145619.5607,0,sell
2025-10-24 13:02:35+00:00,145818.5337,145970.6001,145699.8347,0,sell
2025-10-24 13:02:35.500000+00:00,145758.4077,146032.5124,145752.8609,0,sell
2025-10-24 13:02:36+00:00,145799.1063,145993.2541,145817.0351,0,sell
2025-10-24 13:02:36.500000+00:00,145783.5855,146010.5087,145813.7591,0,sell
2025-10-24 13:02:37+00:00,145765.6878,146029.3566,146124.2901,0,buy
2025-10-24 13:02:37.500000+00:00,145775.7653,146020.5472,145897.0308,0,buy
2025-10-24 13:02:38+00:00,145792.4571,146003.8554,145853.0137,0,sell
2025-10-24 13:02:38.500000+00:00,145798.6514,145997.6611,145803.687,0,sell
2025-10-24 13:02:39+00:00,145813.7182,145982.5943,145963.3303,0,buy
2025-10-24 13:02:39.500000+00:00,145792.9708,146003.3417,145921.7585,0,buy
2025-10-24 13:02:40+00:00,145755.6112,146040.7013,145881.8686,0,sell
2025-10-24 13:02:40.500000+00:00,145774.9275,146021.385,145751.9674,0,sell
2025-10-24 13:02:41+00:00,145762.0106,146034.3019,146007.9879,0,buy
2025-10-24 13:02:41.500000+00:00,145775.9936,146020.3189,145742.1249,0,sell
2025-10-24 13:02:42+00:00,145747.489,146048.8235,146008.5828,0,buy
2025-10-24 13:02:42.500000+00:00,145754.9592,146041.3533,145902.9636,0,buy
2025-10-24 13:02:43+00:00,145785.6494,146010.6631,146139.3509,0,buy
2025-10-24 13:02:43.500000+00:00,145827.4344,145968.8781,145948.3422,0,buy
2025-10-24 13:02:44+00:00,145777.4926,146018.8199,146013.8461,0,buy
2025-10-24 13:02:44.500000+00:00,145800.3906,145995.9219,145873.4609,0,buy
2025-10-24 13:02:45+00:00,145789.3348,146006.9777,146073.9973,0,buy
2025-10-24 13:02:45.500000+00:00,145749.9474,146046.3651,145650.5192,0,sell
2025-10-24 13:02:46+00:00,145810.582,145985.7305,145856.3535,0,sell
2025-10-24 13:02:46.500000+00:00,145782.128,146014.1845,145656.4516,0,sell
2025-10-24 13:02:47+00:00,145790.9245,146005.388,145931.5031,0,buy
2025-10-24 13:02:47.500000+00:00,145793.19,146003.1225,145720.1611,0,sell
2025-10-24 13:02:48+00:00,145768.7391,146027.5734,146108.3882,0,buy
2025-10-24 13:02:48.500000+00:00,145806.31,145990.0025,145986.3736,0,buy
2025-10-24 13:02:49+00:00,145841.7865,145954.526,146071.241,0,buy
2025-10-24 13:02:49.500000+00:00,145769.3855,146026.927,146074.7624,0,buy
2025-10-24 13:02:50+00:00,145787.2666,146009.0459,145656.7164,0,sell
2025-10-24 13:02:50.500000+00:00,145777.4414,146018.8711,145948.8281,0,buy
2025-10-24 13:02:51+00:00,145771.3504,146024.9621,146044.0418,0,buy
2025-10-24 13:02:51.500000+00:00,145816.1824,145980.1301,146117.9369,0,buy
2025-10-24 13:02:52+00:00,145824.0793,145972.2332,145870.4166,0,buy
2025-10-24 13:02:52.500000+00:00,145763.2426,146033.0699,145960.3357,0,buy
2025-10-24 13:02:53+00:00,145784.3432,146011.9693,145899.4726,0,buy
2025-10-24 13:02:53.500000+00:00,145763.595,146032.7175,145828.5514,0,sell
2025-10-24 13:02:54+00:00,145784.8713,146011.4412,145889.2955,0,buy
2025-10-24 13:02:54.500000+00:00,145796.7649,145999.5476,145995.0789,0,buy
2025-10-24 13:02:55+00:00,145779.1786,146017.1339,145991.3664,0,buy
2025-10-24 13:02:55.500000+00:00,145768.9503,146027.3622,145782.1954,0,sell
2025-10-24 13:02:56+00:00,145788.2776,146008.0349,145776.3929,0,sell
2025-10-24 13:02:56.500000+00:00,145804.6648,145991.6477,146075.2362,0,buy
2025-10-24 13:02:57+00:00,145802.8694,145993.4431,145943.8681,0,buy
2025-10-24 13:02:57.500000+00:00,145806.2227,145990.0898,145811.8759,0,sell
2025-10-24 13:02:58+00:00,145781.6621,146014.6504,145889.7092,0,sell
2025-10-24 13:02:58.500000+00:00,145794.2553,146002.0572,145987.8189,0,buy
2025-10-24 13:02:59+00:00,145769.406,146026.9065,146026.2676,0,buy
2025-10-24 13:02:59.500000+00:00,145790.4361,146005.8764,146051.6581,0,buy
2025-10-24 13:03:00+00:00,145843.8961,146075.4769,145823.7653,0,sell
2025-10-24 13:03:00.500000+00:00,145844.3107,146074.6488,146098.6631,0,buy
2025-10-24 13:03:01+00:00,145820.7627,146096.8148,145875.7094,0,sell
2025-10-24 13:03:01.500000+00:00,145884.9315,146031.0723,145933.7748,0,buy
2025-10-24 13:03:02+00:00,145872.6799,146043.2009,145827.7154,0,sell
2025-10-24 13:03:02.500000+00:00,145852.3844,146061.9094,145923.2814,0,buy
2025-10-24 13:03:03+00:00,145818.9643,146095.2747,145970.1329,0,buy
2025-10-24 13:03:03.500000+00:00,145816.4497,146096.4971,146041.3362,0,buy
2025-10-24 13:03:04+00:00,145825.1004,146086.2816,146003.8576,0,buy
2025-10-24 13:03:04.500000+00:00,145810.6756,146100.3499,145797.2615,0,sell
2025-10-24 13:03:05+00:00,145863.0475,146046.53,145725.2176,0,sell
2025-10-24 13:03:05.500000+00:00,145835.6855,146073.1853,145971.0261,0,sell
2025-10-24 13:03:06+00:00,145853.9566,146053.7797,146021.0598,0,buy
2025-10-24 13:03:06.500000+00:00,145846.0571,146060.1874,145920.9488,0,buy
2025-10-24 13:03:07+00:00,145848.8622,146056.4596,146173.3291,0,buy
2025-10-24 13:03:07.500000+00:00,145808.0092,146096.9358,146230.1525,0,buy
2025-10-24 13:03:08+00:00,145826.9983,146076.4424,145922.2838,0,sell
2025-10-24 13:03:08.500000+00:00,145849.0534,146053.3638,145787.3317,0,sell
2025-10-24 13:03:09+00:00,145843.4935,146057.7211,146011.0958,0,buy
2025-10-24 13:03:09.500000+00:00,145831.0997,146069.6286,145730.2269,0,sell
2025-10-24 13:03:10+00:00,145802.7776,146097.5611,145900.0718,0,sell
2025-10-24 13:03:10.500000+00:00,145790.7794,146107.3999,146049.6387,0,buy
2025-10-24 13:03:11+00:00,145856.578,146041.0084,145994.9903,0,buy
2025-10-24 13:03:11.500000+00:00,145852.6822,146044.4215,146180.6568,0,buy
2025-10-24 13:03:12+00:00,145881.6464,146013.9057,145776.3772,0,sell
2025-10-24 13:03:12.500000+00:00,145821.542,146073.2097,146110.0886,0,buy
2025-10-24 13:03:13+00:00,145892.5289,146000.6627,146003.4991,0,sell
2025-10-24 13:03:13.500000+00:00,145843.1749,146049.572,145863.4113,0,sell
2025-10-24 13:03:14+00:00,145863.2181,146028.3025,145893.7986,0,buy
2025-10-24 13:03:14.500000+00:00,145825.1462,146065.8117,145837.6944,0,sell
2025-10-24 13:03:15+00:00,145830.0039,146060.031,145937.9091,0,sell
2025-10-24 13:03:15.500000+00:00,145825.0815,146064.4759,146149.3422,0,buy
2025-10-24 13:03:16+00:00,145828.5572,146059.2563,146169.4115,0,buy
2025-10-24 13:03:16.500000+00:00,145841.4162,146045.3053,145738.976,0,sell
2025-10-24 13:03:17+00:00,145825.125,146060.5498,145931.1537,0,sell
2025-10-24 13:03:17.500000+00:00,145833.4208,146051.0529,145797.0587,0,sell
2025-10-24 13:03:18+00:00,145852.2375,146031.495,145819.1408,0,sell
2025-10-24 13:03:18.500000+00:00,145846.1055,146036.3939,145843.8669,0,sell
2025-10-24 13:03:19+00:00,145808.2629,146073.4107,145781.3129,0,sell
2025-10-24 13:03:19.500000+00:00,145826.2087,146054.8934,145903.3589,0,sell
2025-10-24 13:03:20+00:00,145818.0035,146061.2383,145947.0956,0,buy
2025-10-24 13:03:20.500000+00:00,145828.1045,146050.9358,145810.3572,0,sell
2025-10-24 13:03:21+00:00,145816.6064,146061.5019,145940.9537,0,sell
2025-10-24 13:03:21.500000+00:00,145893.2025,145983.3753,145976.6144,0,buy
2025-10-24 13:03:22+00:00,145803.3576,146071.4787,145696.7564,0,sell
2025-10-24 13:03:22.500000+00:00,145807.0053,146067.3949,146026.1208,0,buy
2025-10-24 13:03:23+00:00,145841.321,146032.7882,146166.393,0,buy
2025-10-24 13:03:23.500000+00:00,145807.9803,146064.6412,146210.0692,0,buy
2025-10-24 13:03:24+00:00,145805.3147,146065.9466,145924.0626,0,buy
2025-10-24 13:03:24.500000+00:00,145814.5404,146055.9064,145911.9867,0,sell
2025-10-24 13:03:25+00:00,145839.5651,146030.3832,145918.0042,0,sell
2025-10-24 13:03:25.500000+00:00,145815.515,146053.3263,145893.1226,0,sell
2025-10-24 13:03:26+00:00,145816.6324,146050.9195,146047.3055,0,buy
2025-10-24 13:03:26.500000+00:00,145800.3777,146066.1287,146039.1191,0,buy
2025-10-24 13:03:27+00:00,145838.0797,146027.4196,145913.8097,0,buy
2025-10-24 13:03:27.500000+00:00,145825.8666,146038.4379,145956.4356,0,sell
2025-10-24 13:03:28+00:00,145864.126,146000.1224,146000.3047,0,buy
2025-10-24 13:03:28.500000+00:00,145817.1483,146045.3831,145877.5418,0,sell
2025-10-24 13:03:29+00:00,145856.793,146005.3117,145941.3627,0,buy
2025-10-24 13:03:29.500000+00:00,145837.8577,146023.3621,145963.0531,0,sell
2025-10-24 13:03:30+00:00,145802.4096,146057.6182,146050.7351,0,buy
2025-10-24 13:03:30.500000+00:00,145824.0454,146034.4538,146075.4825,0,buy
2025-10-24 13:03:31+00:00,145818.1471,146039.6642,146082.8386,0,buy
2025-10-24 13:03:31.500000+00:00,145812.8095,146043.8451,146157.3677,0,buy
2025-10-24 13:03:32+00:00,145884.314,145971.0164,145920.722,0,sell
2025-10-24 13:03:32.500000+00:00,145813.9242,146040.8639,146094.2031,0,buy
2025-10-24 13:03:33+00:00,145799.5041,146053.7282,145888.1381,0,sell
2025-10-24 13:03:33.500000+00:00,145838.4214,146014.6914,145844.3045,0,sell
2025-10-24 13:03:34+00:00,145807.717,146043.7847,146042.8195,0,buy
2025-10-24 13:03:34.500000+00:00,145827.072,146023.6789,145916.7394,0,buy
2025-10-24 13:03:35+00:00,145826.9197,146022.8638,145773.7182,0,sell
2025-10-24 13:03:35.500000+00:00,145811.5141,146037.0702,146040.3208,0,buy
2025-10-24 13:03:36+00:00,145821.6843,146026.2159,145676.9767,0,sell
2025-10-24 13:03:36.500000+00:00,145810.4149,146036.0935,146106.4549,0,buy
2025-10-24 13:03:37+00:00,145827.9679,146018.0421,145950.9887,0,buy
2025-10-24 13:03:37.500000+00:00,145819.8623,146025.4502,145765.4272,0,sell
2025-10-24 13:03:38+00:00,145807.4672,146037.8453,146157.5797,0,buy
2025-10-24 13:03:38.500000+00:00,145808.9769,146036.3356,146171.8802,0,buy
2025-10-24 13:03:39+00:00,145807.4059,146037.9066,145774.6426,0,sell
2025-10-24 13:03:39.500000+00:00,145825.9699,146019.3426,145885.4252,0,sell
2025-10-24 13:03:40+00:00,145792.0833,146053.2292,145868.1977,0,sell
2025-10-24 13:03:40.500000+00:00,145786.1573,146059.1552,145845.2125,0,sell
2025-10-24 13:03:41+00:00,145826.7337,146018.5788,145868.7753,0,sell
2025-10-24 13:03:41.500000+00:00,145820.1326,146025.1799,145984.3076,0,buy
2025-10-24 13:03:42+00:00,145813.2027,146032.1098,146019.7554,0,buy
2025-10-24 13:03:42.500000+00:00,145800.0548,146045.2577,146006.9083,0,buy
2025-10-24 13:03:43+00:00,145824.3366,146020.9759,145799.9853,0,sell
2025-10-24 13:03:43.500000+00:00,145816.4489,146028.8636,145918.6219,0,sell
2025-10-24 13:03:44+00:00,145799.5951,146045.7174,145910.4485,0,sell
2025-10-24 13:03:44.500000+00:00,145838.1415,146007.171,146059.095,0,buy
2025-10-24 13:03:45+00:00,145847.2235,145998.089,146042.3672,0,buy
2025-10-24 13:03:45.500000+00:00,145795.312,146050.0005,145741.5506,0,sell
2025-10-24 13:03:46+00:00,145839.2486,146006.0639,145751.5161,0,sell
2025-10-24 13:03:46.500000+00:00,145777.2588,146068.0537,145715.2771,0,sell
2025-10-24 13:03:47+00:00,145825.124,146020.1885,146024.8208,0,buy
2025-10-24 13:03:47.500000+00:00,145816.7775,146028.535,146126.5143,0,buy
2025-10-24 13:03:48+00:00,145818.2179,146027.0946,145790.3053,0,sell
2025-10-24 13:03:48.500000+00:00,145834.979,146010.3335,145862.726,0,sell
2025-10-24 13:03:49+00:00,145813.6358,146031.6767,145819.1862,0,sell
2025-10-24 13:03:49.500000+00:00,145818.9685,146026.344,145764.1009,0,sell
2025-10-24 13:03:50+00:00,145797.5557,146047.7568,145936.359,0,sell
2025-10-24 13:03:50.500000+00:00,145797.4943,146047.8182,145906.7207,0,buy
2025-10-24 13:03:51+00:00,145798.4864,146046.8261,145978.3543,0,buy
2025-10-24 13:03:51.500000+00:00,145800.2604,146045.0521,145984.6796,0,buy
2025-10-24 13:03:52+00:00,145810.9848,146034.3277,145996.8668,0,buy
2025-10-24 13:03:52.500000+00:00,145779.3087,146066.0038,146007.5191,0,buy
2025-10-24 13:03:53+00:00,145809.6079,146035.7046,145670.679,0,sell
2025-10-24 13:03:53.500000+00:00,145812.1004,146033.2121,145894.6879,0,sell
2025-10-24 13:03:54+00:00,145818.0998,146027.2127,145969.6534,0,buy
2025-10-24 13:03:54.500000+00:00,145780.6035,146064.709,145985.3185,0,buy
2025-10-24 13:03:55+00:00,145815.4743,146029.8382,145807.8365,0,sell
2025-10-24 13:03:55.500000+00:00,145849.181,145996.1315,146129.8026,0,buy
2025-10-24 13:03:56+00:00,145812.7571,146032.5554,145688.9927,0,sell
2025-10-24 13:03:56.500000+00:00,145808.1646,146037.1479,145956.9388,0,buy
2025-10-24 13:03:57+00:00,145821.4267,146023.8858,145903.4722,0,sell
2025-10-24 13:03:57.500000+00:00,145820.1685,146025.144,145717.2086,0,sell
2025-10-24 13:03:58+00:00,145802.309,146043.0035,146093.8645,0,buy
2025-10-24 13:03:58.500000+00:00,145788.2582,146057.0543,146011.8327,0,buy
2025-10-24 13:03:59+00:00,145818.3366,146026.9759,145932.116,0,sell
2025-10-24 13:03:59.500000+00:00,145803.0064,146042.3061,145675.3422,0,sell
2025-10-24 13:04:00+00:00,145820.1941,146083.6809,145705.2603,0,sell
2025-10-24 13:04:00.500000+00:00,145846.1358,146076.9664,146206.8979,0,buy
2025-10-24 13:04:01+00:00,145837.9793,146081.0666,146106.6559,0,buy
2025-10-24 13:04:01.500000+00:00,145851.6051,146085.4725,145904.1443,0,sell
2025-10-24 13:04:02+00:00,145873.1877,146082.1084,145801.156,0,sell
2025-10-24 13:04:02.500000+00:00,145870.4683,146087.5328,146221.2266,0,buy
2025-10-24 13:04:03+00:00,145849.9058,146118.1231,146168.5223,0,buy
2025-10-24 13:04:03.500000+00:00,145886.9114,146091.2636,145770.7543,0,sell
2025-10-24 13:04:04+00:00,145885.8732,146103.8339,146176.4138,0,buy
2025-10-24 13:04:04.500000+00:00,145897.7042,146109.0724,145878.4518,0,sell
2025-10-24 13:04:05+00:00,145901.6505,146101.5224,145758.3909,0,sell
2025-10-24 13:04:05.500000+00:00,145940.2077,146088.8544,145973.2753,0,sell
2025-10-24 13:04:06+00:00,145932.784,146095.1985,145813.5253,0,sell
2025-10-24 13:04:06.500000+00:00,145897.1063,146146.3526,146256.6843,0,buy
2025-10-24 13:04:07+00:00,145934.4597,146119.1647,146045.392,0,buy
2025-10-24 13:04:07.500000+00:00,145939.8704,146128.669,146116.669,0,buy
2025-10-24 13:04:08+00:00,145910.8134,146159.7474,145788.5836,0,sell
2025-10-24 13:04:08.500000+00:00,145902.7208,146186.9495,146001.4946,0,sell
2025-10-24 13:04:09+00:00,145932.9006,146173.8749,145945.8168,0,sell
2025-10-24 13:04:09.500000+00:00,145932.1032,146171.8622,146206.0031,0,buy
2025-10-24 13:04:10+00:00,145931.9288,146189.1044,146062.9312,0,buy
2025-10-24 13:04:10.500000+00:00,145935.2247,146193.2015,146316.2279,0,buy
2025-10-24 13:04:11+00:00,145938.7479,146204.8752,146166.4083,0,buy
2025-10-24 13:04:11.500000+00:00,145915.0499,146237.7563,145963.6288,0,sell
2025-10-24 13:04:12+00:00,145975.9823,146184.9855,145902.5224,0,sell
2025-10-24 13:04:12.500000+00:00,145946.7541,146229.5776,145925.6214,0,sell
2025-10-24 13:04:13+00:00,145942.9872,146249.4612,145815.7268,0,sell
2025-10-24 13:04:13.500000+00:00,146004.8478,146190.3922,145944.2217,0,sell
2025-10-24 13:04:14+00:00,146003.7676,146205.9564,146206.7258,0,buy
2025-10-24 13:04:14.500000+00:00,145997.6376,146214.8065,146212.2026,0,buy
2025-10-24 13:04:15+00:00,146013.533,146211.0861,145943.5156,0,sell
2025-10-24 13:04:15.500000+00:00,145979.3619,146261.8261,146162.5034,0,buy
2025-10-24 13:04:16+00:00,146001.1189,146254.9596,146055.1785,0,sell
2025-10-24 13:04:16.500000+00:00,146014.1266,146248.231,146186.569,0,buy
2025-10-24 13:04:17+00:00,146049.4288,146221.058,146231.4555,0,buy
2025-10-24 13:04:17.500000+00:00,146049.7697,146232.7936,146190.032,0,buy
2025-10-24 13:04:18+00:00,146024.006,146264.3488,146385.3938,0,buy
2025-10-24 13:04:18.500000+00:00,146031.7063,146274.9317,145981.1042,0,sell
2025-10-24 13:04:19+00:00,146047.7852,146270.7904,146157.7064,0,sell
2025-10-24 13:04:19.500000+00:00,146101.0482,146222.978,146191.6075,0,buy
2025-10-24 13:04:20+00:00,146053.9198,146280.8539,146385.8299,0,buy
2025-10-24 13:04:20.500000+00:00,145999.1913,146349.3631,146097.86,0,sell
2025-10-24 13:04:21+00:00,146059.4286,146297.1186,146329.464,0,buy
2025-10-24 13:04:21.500000+00:00,146061.4839,146307.3742,146358.1854,0,buy
2025-10-24 13:04:22+00:00,146072.3686,146316.0237,146204.107,0,buy
2025-10-24 13:04:22.500000+00:00,146105.3848,146284.3849,146138.6834,0,buy
2025-10-24 13:04:23+00:00,146069.0211,146331.1205,146232.0142,0,buy
2025-10-24 13:04:23.500000+00:00,146075.1028,146334.6949,146193.9587,0,buy
2025-10-24 13:04:24+00:00,146119.0113,146307.206,146225.9649,0,buy
2025-10-24 13:04:24.500000+00:00,146134.5964,146298.7171,146330.2452,0,buy
2025-10-24 13:04:25+00:00,146141.6745,146300.5751,146435.1315,0,buy
2025-10-24 13:04:25.500000+00:00,146133.2145,146327.7841,146149.8381,0,sell
2025-10-24 13:04:26+00:00,146161.219,146310.9948,146368.4745,0,buy
2025-10-24 13:04:26.500000+00:00,146169.0121,146305.8937,146073.0357,0,sell
2025-10-24 13:04:27+00:00,146188.4532,146292.1779,146226.8771,0,sell
2025-10-24 13:04:27.500000+00:00,146141.7448,146361.2702,146248.6875,0,buy
2025-10-24 13:04:28+00:00,146164.125,146342.9012,146238.3662,0,buy
2025-10-24 13:04:28.500000+00:00,146146.5915,146377.1902,146060.731,0,sell
2025-10-24 13:04:29+00:00,146133.2166,146390.2768,146392.562,0,buy
2025-10-24 13:04:29.500000+00:00,146168.3589,146377.4727,146236.4011,0,buy
2025-10-24 13:04:30+00:00,146106.8846,146441.302,146162.0054,0,sell
2025-10-24 13:04:30.500000+00:00,146198.0968,146368.7232,146225.2756,0,buy
2025-10-24 13:04:31+00:00,146171.5048,146403.252,146265.4605,0,sell
2025-10-24 13:04:31.500000+00:00,146142.5318,146439.1491,146138.1752,0,sell
2025-10-24 13:04:32+00:00,146163.566,146431.1352,146338.4273,0,buy
2025-10-24 13:04:32.500000+00:00,146208.9623,146400.9578,146320.8296,0,sell
2025-10-24 13:04:33+00:00,146217.0283,146401.3762,146490.2528,0,buy
2025-10-24 13:04:33.500000+00:00,146207.2323,146423.9173,146120.5234,0,sell
2025-10-24 13:04:34+00:00,146195.4204,146452.1498,146068.6879,0,sell
2025-10-24 13:04:34.500000+00:00,146261.6457,146382.498,146137.0617,0,sell
2025-10-24 13:04:35+00:00,146197.7899,146469.9744,146615.619,0,buy
2025-10-24 13:04:35.500000+00:00,146237.2938,146435.2032,146184.9883,0,sell
2025-10-24 13:04:36+00:00,146243.8323,146435.4482,146309.137,0,buy
2025-10-24 13:04:36.500000+00:00,146260.539,146427.825,146417.352,0,buy
2025-10-24 13:04:37+00:00,146222.4307,146481.3447,146078.6542,0,sell
2025-10-24 13:04:37.500000+00:00,146216.5436,146492.0501,146539.421,0,buy
2025-10-24 13:04:38+00:00,146248.9545,146459.6392,146328.7508,0,sell
2025-10-24 13:04:38.500000+00:00,146244.6743,146463.9194,146336.9245,0,buy
2025-10-24 13:04:39+00:00,146234.4924,146474.1013,146308.1206,0,sell
2025-10-24 13:04:39.500000+00:00,146212.5713,146496.0225,146217.8373,0,sell
2025-10-24 13:04:40+00:00,146235.5356,146473.0582,146306.3876,0,sell
2025-10-24 13:04:40.500000+00:00,146263.4347,146445.159,146355.8202,0,buy
2025-10-24 13:04:41+00:00,146238.0204,146470.5734,146313.6884,0,sell
2025-10-24 13:04:41.500000+00:00,146234.3628,146474.231,146279.4418,0,sell
2025-10-24 13:04:42+00:00,146240.3461,146468.2476,146139.8722,0,sell
2025-10-24 13:04:42.500000+00:00,146223.8664,146484.7273,146548.1251,0,buy
2025-10-24 13:04:43+00:00,146263.1394,146445.4544,146369.7423,0,buy
2025-10-24 13:04:43.500000+00:00,146258.8466,146449.7472,146427.736,0,buy
2025-10-24 13:04:44+00:00,146244.1883,146464.4055,146340.4883,0,buy
2025-10-24 13:04:44.500000+00:00,146224.7233,146483.8704,146190.4479,0,sell
2025-10-24 13:04:45+00:00,146233.3177,146475.2761,146166.6195,0,sell
2025-10-24 13:04:45.500000+00:00,146221.9067,146486.6871,146152.9081,0,sell
2025-10-24 13:04:46+00:00,146240.7587,146467.835,146400.3168,0,buy
2025-10-24 13:04:46.500000+00:00,146232.3855,146476.2082,146533.2287,0,buy
2025-10-24 13:04:47+00:00,146234.3623,146474.2314,146521.68,0,buy
2025-10-24 13:04:47.500000+00:00,146274.5441,146434.0496,146355.8802,0,sell
2025-10-24 13:04:48+00:00,146259.8275,146448.7663,146507.0379,0,buy
2025-10-24 13:04:48.500000+00:00,146231.7538,146476.8399,146457.0205,0,buy
2025-10-24 13:04:49+00:00,146236.8552,146471.7385,146520.6154,0,buy
2025-10-24 13:04:49.500000+00:00,146278.8835,146429.7103,146546.2446,0,buy
2025-10-24 13:04:50+00:00,146251.7636,146456.8302,146396.8914,0,sell
2025-10-24 13:04:50.500000+00:00,146228.4643,146480.1295,146329.3243,0,sell
2025-10-24 13:04:51+00:00,146234.2293,146474.3645,146355.6962,0,buy
2025-10-24 13:04:51.500000+00:00,146278.2418,146430.352,146227.524,0,sell
2025-10-24 13:04:52+00:00,146227.9173,146480.6765,146373.4516,0,sell
2025-10-24 13:04:52.500000+00:00,146231.0855,146477.5082,146342.8517,0,buy
2025-10-24 13:04:53+00:00,146266.8505,146441.7432,146400.8645,0,buy
2025-10-24 13:04:53.500000+00:00,146249.8895,146458.7043,146269.2473,0,sell
2025-10-24 13:04:54+00:00,146220.783,146487.8108,146345.5364,0,buy
2025-10-24 13:04:54.500000+00:00,146273.3385,146435.2553,146309.5391,0,sell
2025-10-24 13:04:55+00:00,146236.0395,146472.5543,146272.4856,0,sell
2025-10-24 13:04:55.500000+00:00,146220.5807,146488.013,146246.0045,0,sell
2025-10-24 13:04:56+00:00,146241.3504,146467.2433,146224.4723,0,sell
2025-10-24 13:04:56.500000+00:00,146244.0064,146464.5873,146211.6076,0,sell
2025-10-24 13:04:57+00:00,146233.5576,146475.0362,146359.0668,0,sell
2025-10-24 13:04:57.500000+00:00,146275.2503,146433.3434,146441.4492,0,buy
2025-10-24 13:04:58+00:00,146230.7993,146477.7945,146100.1707,0,sell
2025-10-24 13:04:58.500000+00:00,146225.0975,146483.4962,146534.7028,0,buy
2025-10-24 13:04:59+00:00,146267.7775,146440.8162,146170.4676,0,sell
2025-10-24 13:04:59.500000+00:00,146212.004,146496.5898,146552.5175,0,buy
2025-10-24 13:05:00+00:00,146450.1883,146685.5398,146623.3291,0,buy
2025-10-24 13:05:00.500000+00:00,146471.1904,146665.9646,146607.2812,0,buy
2025-10-24 13:05:01+00:00,146488.8768,146648.5643,146536.1092,0,buy
2025-10-24 13:05:01.500000+00:00,146415.7987,146723.035,146841.1215,0,buy
2025-10-24 13:05:02+00:00,146432.7468,146708.1691,146559.1343,0,sell
2025-10-24 13:05:02.500000+00:00,146479.8792,146662.5223,146499.3918,0,sell
2025-10-24 13:05:03+00:00,146445.538,146697.6041,146646.7865,0,buy
2025-10-24 13:05:03.500000+00:00,146455.5889,146688.1423,146783.9447,0,buy
2025-10-24 13:05:04+00:00,146465.9466,146680.4106,146455.3957,0,sell
2025-10-24 13:05:04.500000+00:00,146461.2363,146685.2019,146826.1863,0,buy
2025-10-24 13:05:05+00:00,146430.6308,146717.1708,146763.744,0,buy
2025-10-24 13:05:05.500000+00:00,146451.5271,146697.8658,146581.4654,0,buy
2025-10-24 13:05:06+00:00,146460.0196,146691.2171,146819.8112,0,buy
2025-10-24 13:05:06.500000+00:00,146493.4582,146658.7186,146635.137,0,sell
2025-10-24 13:05:07+00:00,146508.6336,146644.6066,146513.4374,0,buy
2025-10-24 13:05:07.500000+00:00,146486.251,146668.2831,146473.9254,0,sell
2025-10-24 13:05:08+00:00,146455.6332,146699.9735,146722.7506,0,buy
2025-10-24 13:05:08.500000+00:00,146497.9895,146659.1315,146754.0352,0,buy
2025-10-24 13:05:09+00:00,146470.5912,146686.3414,146646.0202,0,buy
2025-10-24 13:05:09.500000+00:00,146440.5445,146718.7144,146390.2216,0,sell
2025-10-24 13:05:10+00:00,146503.8628,146656.9215,146422.1836,0,sell
2025-10-24 13:05:10.500000+00:00,146533.0339,146628.3632,146718.8053,0,buy
2025-10-24 13:05:11+00:00,146480.8073,146682.5875,146624.8785,0,buy
2025-10-24 13:05:11.500000+00:00,146446.8854,146717.5011,146335.1886,0,sell
2025-10-24 13:05:12+00:00,146469.1676,146697.4164,146560.301,0,buy
2025-10-24 13:05:12.500000+00:00,146464.0692,146703.6995,146676.6321,0,buy
2025-10-24 13:05:13+00:00,146464.1284,146703.9476,146482.3453,0,sell
2025-10-24 13:05:13.500000+00:00,146496.4078,146673.0881,146369.9669,0,sell
2025-10-24 13:05:14+00:00,146496.631,146674.1723,146625.1033,0,sell
2025-10-24 13:05:14.500000+00:00,146480.5514,146691.3444,146356.5711,0,sell
2025-10-24 13:05:15+00:00,146461.0833,146712.3891,146810.2885,0,buy
2025-10-24 13:05:15.500000+00:00,146522.2803,146652.0125,146555.0518,0,sell
2025-10-24 13:05:16+00:00,146507.9137,146667.4741,146624.9106,0,buy
2025-10-24 13:05:16.500000+00:00,146494.4017,146683.086,146734.6664,0,buy
2025-10-24 13:05:17+00:00,146491.6545,146687.1074,146593.7495,0,buy
2025-10-24 13:05:17.500000+00:00,146475.2411,146704.114,146800.1472,0,buy
2025-10-24 13:05:18+00:00,146482.8252,146698.6043,146809.8988,0,buy
2025-10-24 13:05:18.500000+00:00,146492.6855,146689.2933,146413.9839,0,sell
2025-10-24 13:05:19+00:00,146443.3013,146740.3667,146361.4237,0,sell
2025-10-24 13:05:19.500000+00:00,146482.2545,146702.9526,146609.4901,0,sell
2025-10-24 13:05:20+00:00,146478.1391,146707.9353,146449.7841,0,sell
2025-10-24 13:05:20.500000+00:00,146468.6105,146718.9658,146477.7777,0,sell
2025-10-24 13:05:21+00:00,146500.3672,146688.021,146595.4376,0,sell
2025-10-24 13:05:21.500000+00:00,146444.9813,146744.8292,146842.5406,0,buy
2025-10-24 13:05:22+00:00,146459.193,146731.8841,146696.3868,0,buy
2025-10-24 13:05:22.500000+00:00,146483.0128,146709.0797,146410.1138,0,sell
2025-10-24 13:05:23+00:00,146488.1132,146705.5197,146649.3222,0,buy
2025-10-24 13:05:23.500000+00:00,146460.3752,146733.8802,146409.176,0,sell
2025-10-24 13:05:24+00:00,146490.1417,146705.8845,146444.966,0,sell
2025-10-24 13:05:24.500000+00:00,146479.5212,146717.8735,146568.9997,0,sell
2025-10-24 13:05:25+00:00,146492.2382,146706.4411,146423.6589,0,sell
2025-10-24 13:05:25.500000+00:00,146477.2776,146722.6797,146338.3496,0,sell
2025-10-24 13:05:26+00:00,146454.4339,146746.8794,146343.242,0,sell
2025-10-24 13:05:26.500000+00:00,146467.926,146734.914,146374.5332,0,sell
2025-10-24 13:05:27+00:00,146520.6339,146683.6639,146697.2933,0,buy
2025-10-24 13:05:27.500000+00:00,146479.8853,146724.9631,146625.2563,0,buy
2025-10-24 13:05:28+00:00,146499.5927,146706.265,146616.196,0,sell
2025-10-24 13:05:28.500000+00:00,146520.2468,146686.9581,146655.5976,0,buy
2025-10-24 13:05:29+00:00,146471.3541,146737.3841,146659.2649,0,buy
2025-10-24 13:05:29.500000+00:00,146458.6791,146751.394,146849.7019,0,buy
2025-10-24 13:05:30+00:00,146484.817,146726.3295,146461.2703,0,sell
2025-10-24 13:05:30.500000+00:00,146504.0033,146708.1656,146573.0157,0,buy
2025-10-24 13:05:31+00:00,146538.952,146674.8849,146699.307,0,buy
2025-10-24 13:05:31.500000+00:00,146468.7579,146746.6514,146830.9932,0,buy
2025-10-24 13:05:32+00:00,146500.4439,146716.4318,146470.4654,0,sell
2025-10-24 13:05:32.500000+00:00,146499.6707,146717.9314,146512.6208,0,sell
2025-10-24 13:05:33+00:00,146478.5876,146740.3537,146858.9913,0,buy
2025-10-24 13:05:33.500000+00:00,146522.4842,146697.4854,146712.1166,0,buy
2025-10-24 13:05:34+00:00,146503.053,146718.6107,146592.6099,0,sell
2025-10-24 13:05:34.500000+00:00,146514.5729,146707.9757,146627.6029,0,buy
2025-10-24 13:05:35+00:00,146504.7203,146719.7712,146828.5458,0,buy
2025-10-24 13:05:35.500000+00:00,146522.0833,146702.5642,146617.807,0,buy
2025-10-24 13:05:36+00:00,146567.2668,146659.3258,146628.4019,0,buy
2025-10-24 13:05:36.500000+00:00,146512.3705,146715.8054,146616.4399,0,buy
2025-10-24 13:05:37+00:00,146475.515,146753.8765,146374.1246,0,sell
2025-10-24 13:05:37.500000+00:00,146498.0418,146731.7394,146663.7071,0,buy
2025-10-24 13:05:38+00:00,146530.3165,146699.4648,146400.397,0,sell
2025-10-24 13:05:38.500000+00:00,146543.4561,146686.3252,146654.6147,0,buy
2025-10-24 13:05:39+00:00,146525.7285,146704.0527,146455.3458,0,sell
2025-10-24 13:05:39.500000+00:00,146491.5528,146738.2285,146607.4832,0,sell
2025-10-24 13:05:40+00:00,146526.9704,146702.8108,146626.6813,0,buy
2025-10-24 13:05:40.500000+00:00,146521.4772,146708.3041,146617.0281,0,sell
2025-10-24 13:05:41+00:00,146483.4118,146746.3695,146645.501,0,buy
2025-10-24 13:05:41.500000+00:00,146493.4464,146736.3349,146452.5672,0,sell
2025-10-24 13:05:42+00:00,146531.2495,146698.5317,146843.0538,0,buy
2025-10-24 13:05:42.500000+00:00,146485.275,146744.5062,146887.8524,0,buy
2025-10-24 13:05:43+00:00,146485.2914,146744.4898,146423.6034,0,sell
2025-10-24 13:05:43.500000+00:00,146464.692,146765.0892,146800.1338,0,buy
2025-10-24 13:05:44+00:00,146538.6884,146691.0928,146709.9373,0,buy
2025-10-24 13:05:44.500000+00:00,146546.2751,146683.5062,146458.7953,0,sell
2025-10-24 13:05:45+00:00,146500.857,146728.9242,146517.321,0,sell
2025-10-24 13:05:45.500000+00:00,146495.573,146734.2083,146353.824,0,sell
2025-10-24 13:05:46+00:00,146525.873,146703.9082,146453.497,0,sell
2025-10-24 13:05:46.500000+00:00,146519.8181,146709.9632,146403.4352,0,sell
2025-10-24 13:05:47+00:00,146485.1277,146744.6536,146796.4497,0,buy
2025-10-24 13:05:47.500000+00:00,146495.006,146734.7752,146525.228,0,sell
2025-10-24 13:05:48+00:00,146488.7515,146741.0298,146675.2671,0,buy
2025-10-24 13:05:48.500000+00:00,146465.7437,146764.0375,146385.5603,0,sell
2025-10-24 13:05:49+00:00,146528.0244,146701.7569,146600.4322,0,sell
2025-10-24 13:05:49.500000+00:00,146488.2704,146741.5108,146612.3616,0,buy
2025-10-24 13:05:50+00:00,146498.6891,146731.0921,146365.3744,0,sell
2025-10-24 13:05:50.500000+00:00,146526.655,146703.1263,146480.1529,0,sell
2025-10-24 13:05:51+00:00,146487.7898,146741.9914,146731.8184,0,buy
2025-10-24 13:05:51.500000+00:00,146505.7876,146723.9937,146601.2147,0,buy
2025-10-24 13:05:52+00:00,146528.4799,146701.3014,146605.842,0,buy
2025-10-24 13:05:52.500000+00:00,146462.8931,146766.8882,146814.9762,0,buy
2025-10-24 13:05:53+00:00,146500.8673,146728.914,146500.9489,0,sell
2025-10-24 13:05:53.500000+00:00,146484.3026,146745.4787,146625.1112,0,buy
2025-10-24 13:05:54+00:00,146541.6257,146688.1556,146514.2489,0,sell
2025-10-24 13:05:54.500000+00:00,146481.6457,146748.1356,146811.1548,0,buy
2025-10-24 13:05:55+00:00,146499.8933,146729.8879,146617.1706,0,sell
2025-10-24 13:05:55.500000+00:00,146545.7889,146683.9924,146597.4788,0,sell
2025-10-24 13:05:56+00:00,146496.8447,146732.9366,146586.53,0,buy
2025-10-24 13:05:56.500000+00:00,146501.6726,146728.1086,146645.3221,0,buy
2025-10-24 13:05:57+00:00,146478.8305,146750.9507,146337.1103,0,sell
2025-10-24 13:05:57.500000+00:00,146473.3412,146756.44,146421.6451,0,sell
2025-10-24 13:05:58+00:00,146490.2955,146739.4858,146632.2416,0,buy
2025-10-24 13:05:58.500000+00:00,146462.2377,146767.5435,146864.8558,0,buy
2025-10-24 13:05:59+00:00,146499.8394,146729.9418,146701.1907,0,buy
2025-10-24 13:05:59.500000+00:00,146490.7117,146739.0695,146572.694,0,sell
2025-10-24 13:06:00+00:00,146448.3125,146687.2812,146319.3259,0,sell
2025-10-24 13:06:00.500000+00:00,146452.992,146693.7577,146347.5421,0,sell
2025-10-24 13:06:01+00:00,146438.7632,146714.8928,146720.6474,0,buy
2025-10-24 13:06:01.500000+00:00,146517.9145,146640.3014,146411.0201,0,sell
2025-10-24 13:06:02+00:00,146494.0365,146671.4457,146571.3385,0,buy
2025-10-24 13:06:02.500000+00:00,146441.3415,146732.8666,146552.5202,0,sell
2025-10-24 13:06:03+00:00,146491.7109,146686.0094,146486.9653,0,sell
2025-10-24 13:06:03.500000+00:00,146509.6658,146677.9314,146636.2195,0,buy
2025-10-24 13:06:04+00:00,146451.6242,146737.3705,146729.0769,0,buy
2025-10-24 13:06:04.500000+00:00,146451.5798,146753.1865,146472.1671,0,sell
2025-10-24 13:06:05+00:00,146477.8471,146727.6119,146685.0115,0,buy
2025-10-24 13:06:05.500000+00:00,146518.5731,146702.757,146537.2961,0,sell
2025-10-24 13:06:06+00:00,146482.5461,146741.1438,146569.3352,0,sell
2025-10-24 13:06:06.500000+00:00,146529.4492,146701.9847,146561.7173,0,sell
2025-10-24 13:06:07+00:00,146533.3344,146704.3691,146680.6322,0,buy
2025-10-24 13:06:07.500000+00:00,146513.8495,146732.2082,146517.8663,0,sell
2025-10-24 13:06:08+00:00,146559.5906,146698.5915,146420.0501,0,sell
2025-10-24 13:06:08.500000+00:00,146518.1517,146736.6728,146647.5197,0,sell
2025-10-24 13:06:09+00:00,146528.8241,146743.802,146780.688,0,buy
2025-10-24 13:06:09.500000+00:00,146557.325,146720.1284,146530.1725,0,sell
2025-10-24 13:06:10+00:00,146509.2436,146771.3654,146631.2177,0,buy
2025-10-24 13:06:10.500000+00:00,146533.0752,146755.3143,146555.6756,0,sell
2025-10-24 13:06:11+00:00,146536.7746,146766.6221,146516.1637,0,sell
2025-10-24 13:06:11.500000+00:00,146521.9158,146781.6662,146642.955,0,sell
2025-10-24 13:06:12+00:00,146573.1607,146737.2652,146648.8251,0,buy
2025-10-24 13:06:12.500000+00:00,146545.7713,146778.3901,146721.5621,0,buy
2025-10-24 13:06:13+00:00,146507.9449,146821.4306,146855.3231,0,buy
2025-10-24 13:06:13.500000+00:00,146527.3465,146805.9253,146684.8951,0,buy
2025-10-24 13:06:14+00:00,146560.3652,146783.5084,146719.8878,0,buy
2025-10-24 13:06:14.500000+00:00,146592.3851,146755.4789,146847.015,0,buy
2025-10-24 13:06:15+00:00,146547.0565,146814.0905,146406.4117,0,sell
2025-10-24 13:06:15.500000+00:00,146560.9222,146807.5331,146920.9188,0,buy
2025-10-24 13:06:16+00:00,146526.5037,146847.9088,146578.9797,0,sell
2025-10-24 13:06:16.500000+00:00,146613.215,146768.1448,146758.9337,0,sell
2025-10-24 13:06:17+00:00,146607.7151,146784.9222,146475.5397,0,sell
2025-10-24 13:06:17.500000+00:00,146565.4131,146829.7827,146946.4788,0,buy
2025-10-24 13:06:18+00:00,146607.7829,146791.5711,146897.0002,0,buy
2025-10-24 13:06:18.500000+00:00,146611.4308,146799.8401,146851.1887,0,buy
2025-10-24 13:06:19+00:00,146584.3553,146838.847,146529.4149,0,sell
2025-10-24 13:06:19.500000+00:00,146618.4051,146803.6615,146718.4245,0,buy
2025-10-24 13:06:20+00:00,146604.8573,146826.4285,146547.2081,0,sell
2025-10-24 13:06:20.500000+00:00,146607.933,146832.9158,146685.8869,0,sell
2025-10-24 13:06:21+00:00,146635.1378,146811.8308,146702.3875,0,sell
2025-10-24 13:06:21.500000+00:00,146622.122,146829.703,146536.1481,0,sell
2025-10-24 13:06:22+00:00,146666.0142,146799.032,146841.6679,0,buy
2025-10-24 13:06:22.500000+00:00,146626.7977,146848.9706,146548.2716,0,sell
2025-10-24 13:06:23+00:00,146662.5679,146814.7593,146897.9701,0,buy
2025-10-24 13:06:23.500000+00:00,146644.7269,146836.9829,146606.6673,0,sell
2025-10-24 13:06:24+00:00,146624.3374,146863.0107,146531.3229,0,sell
2025-10-24 13:06:24.500000+00:00,146633.939,146865.8105,146597.7721,0,sell
2025-10-24 13:06:25+00:00,146655.623,146853.8769,146739.0412,0,buy
2025-10-24 13:06:25.500000+00:00,146651.5423,146863.6407,146809.8717,0,buy
2025-10-24 13:06:26+00:00,146644.8768,146876.4061,146981.7747,0,buy
2025-10-24 13:06:26.500000+00:00,146648.7847,146878.2967,146726.4062,0,sell
2025-10-24 13:06:27+00:00,146646.6891,146886.4224,146700.2271,0,sell
2025-10-24 13:06:27.500000+00:00,146681.0197,146864.824,146864.9942,0,buy
2025-10-24 13:06:28+00:00,146663.1235,146890.3554,146835.1435,0,buy
2025-10-24 13:06:28.500000+00:00,146618.261,146935.8512,146724.2419,0,sell
2025-10-24 13:06:29+00:00,146648.7389,146921.4392,146740.2319,0,sell
2025-10-24 13:06:29.500000+00:00,146705.0021,146869.7915,146650.1108,0,sell
2025-10-24 13:06:30+00:00,146659.4823,146925.0056,146586.8315,0,sell
2025-10-24 13:06:30.500000+00:00,146662.8698,146921.4728,146565.7375,0,sell
2025-10-24 13:06:31+00:00,146684.1386,146907.5559,147010.1262,0,buy
2025-10-24 13:06:31.500000+00:00,146694.4415,146908.0266,146810.5615,0,buy
2025-10-24 13:06:32+00:00,146691.8022,146919.8809,146984.6385,0,buy
2025-10-24 13:06:32.500000+00:00,146674.1563,146948.5121,146979.1694,0,buy
2025-10-24 13:06:33+00:00,146675.3423,146951.736,146736.7667,0,sell
2025-10-24 13:06:33.500000+00:00,146709.1684,146922.7101,147022.2808,0,buy
2025-10-24 13:06:34+00:00,146681.6251,146955.509,147066.9835,0,buy
2025-10-24 13:06:34.500000+00:00,146691.9812,146958.7939,146578.3215,0,sell
2025-10-24 13:06:35+00:00,146695.3987,146956.74,147092.3566,0,buy
2025-10-24 13:06:35.500000+00:00,146728.1347,146938.5739,146766.6878,0,sell
2025-10-24 13:06:36+00:00,146744.4811,146924.3685,146685.2763,0,sell
2025-10-24 13:06:36.500000+00:00,146749.0229,146932.4157,146717.6543,0,sell
2025-10-24 13:06:37+00:00,146723.6975,146962.6437,146920.6689,0,buy
2025-10-24 13:06:37.500000+00:00,146732.6234,146954.6266,146960.6646,0,buy
2025-10-24 13:06:38+00:00,146711.1874,146976.0626,146978.3431,0,buy
2025-10-24 13:06:38.500000+00:00,146736.9759,146950.2741,147092.1516,0,buy
2025-10-24 13:06:39+00:00,146737.489,146949.761,146765.4766,0,sell
2025-10-24 13:06:39.500000+00:00,146735.8345,146951.4155,146928.5476,0,buy
2025-10-24 13:06:40+00:00,146747.1936,146940.0564,146790.85,0,sell
2025-10-24 13:06:40.500000+00:00,146720.6566,146966.5934,146954.2566,0,buy
2025-10-24 13:06:41+00:00,146714.5932,146972.6568,146919.9978,0,buy
2025-10-24 13:06:41.500000+00:00,146751.7346,146935.5154,146897.2344,0,sell
2025-10-24 13:06:42+00:00,146716.0214,146971.2286,146840.3457,0,buy
2025-10-24 13:06:42.500000+00:00,146736.1808,146951.0692,146927.1736,0,buy
2025-10-24 13:06:43+00:00,146749.2342,146938.0158,146810.9452,0,buy
2025-10-24 13:06:43.500000+00:00,146722.0103,146965.2397,146847.8414,0,sell
2025-10-24 13:06:44+00:00,146755.412,146931.838,146887.4152,0,buy
2025-10-24 13:06:44.500000+00:00,146737.4902,146949.7598,146985.4188,0,buy
2025-10-24 13:06:45+00:00,146746.3982,146940.8518,147086.1264,0,buy
2025-10-24 13:06:45.500000+00:00,146726.2432,146961.0068,146829.8678,0,buy
2025-10-24 13:06:46+00:00,146705.8965,146981.3535,146964.9455,0,buy
2025-10-24 13:06:46.500000+00:00,146743.3651,146943.8849,146745.9754,0,sell
2025-10-24 13:06:47+00:00,146727.383,146959.867,147102.9753,0,buy
2025-10-24 13:06:47.500000+00:00,146733.983,146953.267,146660.2066,0,sell
2025-10-24 13:06:48+00:00,146728.5195,146958.7305,146610.364,0,sell
2025-10-24 13:06:48.500000+00:00,146733.1043,146954.1457,146687.7871,0,sell
2025-10-24 13:06:49+00:00,146718.8512,146968.3988,147064.6701,0,buy
2025-10-24 13:06:49.500000+00:00,146745.6712,146941.5788,146885.1001,0,buy
2025-10-24 13:06:50+00:00,146750.7171,146936.5329,146844.5871,0,buy
2025-10-24 13:06:50.500000+00:00,146750.2259,146937.0241,146688.9903,0,sell
2025-10-24 13:06:51+00:00,146773.8261,146913.4239,146892.8006,0,sell
2025-10-24 13:06:51.500000+00:00,146760.5507,146926.6993,146876.7901,0,buy
2025-10-24 13:06:52+00:00,146736.8033,146950.4467,146897.6625,0,buy
2025-10-24 13:06:52.500000+00:00,146740.6883,146946.5617,147029.7809,0,buy
2025-10-24 13:06:53+00:00,146726.524,146960.726,146834.4972,0,buy
2025-10-24 13:06:53.500000+00:00,146752.9913,146934.2587,146662.0422,0,sell
2025-10-24 13:06:54+00:00,146729.5041,146957.7459,147091.6092,0,buy
2025-10-24 13:06:54.500000+00:00,146704.7856,146982.4644,147088.1875,0,buy
2025-10-24 13:06:55+00:00,146727.8271,146959.4229,146962.8854,0,buy
2025-10-24 13:06:55.500000+00:00,146738.7933,146948.4567,146866.396,0,sell
2025-10-24 13:06:56+00:00,146737.112,146950.138,146888.1158,0,buy
2025-10-24 13:06:56.500000+00:00,146728.8206,146958.4294,146927.0745,0,buy
2025-10-24 13:06:57+00:00,146760.3048,146926.9452,146662.7287,0,sell
2025-10-24 13:06:57.500000+00:00,146729.9799,146957.2701,146958.2533,0,buy
2025-10-24 13:06:58+00:00,146719.0654,146968.1846,146618.0562,0,sell
2025-10-24 13:06:58.500000+00:00,146715.6332,146971.6168,146850.3495,0,buy
2025-10-24 13:06:59+00:00,146761.3448,146925.9052,146859.4912,0,buy
2025-10-24 13:06:59.500000+00:00,146772.9882,146914.2618,146906.1502,0,sell
2025-10-24 13:07:00+00:00,146752.7581,147037.5377,147149.2385,0,buy
2025-10-24 13:07:00.500000+00:00,146775.0383,147015.1516,146892.2378,0,sell
2025-10-24 13:07:01+00:00,146805.8117,146984.249,146896.5861,0,buy
2025-10-24 13:07:01.500000+00:00,146777.765,147012.1442,146854.2069,0,sell
2025-10-24 13:07:02+00:00,146810.9457,146978.8804,147054.2662,0,buy
2025-10-24 13:07:02.500000+00:00,146761.4741,147028.264,146680.9871,0,sell
2025-10-24 13:07:03+00:00,146794.4585,146995.1487,146985.9047,0,buy
2025-10-24 13:07:03.500000+00:00,146782.0859,147007.414,147149.9096,0,buy
2025-10-24 13:07:04+00:00,146793.0586,146996.2868,147075.3888,0,buy
2025-10-24 13:07:04.500000+00:00,146791.2174,146998.0912,147017.3232,0,buy
2025-10-24 13:07:05+00:00,146755.4831,147033.6059,146634.1769,0,sell
2025-10-24 13:07:05.500000+00:00,146789.2939,146999.7503,146910.6093,0,sell
2025-10-24 13:07:06+00:00,146759.1986,147029.7587,147157.7906,0,buy
2025-10-24 13:07:06.500000+00:00,146792.7691,146996.0404,146922.3385,0,sell
2025-10-24 13:07:07+00:00,146808.3677,146980.2948,146742.4703,0,sell
2025-10-24 13:07:07.500000+00:00,146752.7952,147035.7358,147094.7878,0,buy
2025-10-24 13:07:08+00:00,146770.9492,147017.5328,146642.9046,0,sell
2025-10-24 13:07:08.500000+00:00,146796.956,146991.3016,146927.4384,0,buy
2025-10-24 13:07:09+00:00,146754.1398,147034.0203,146718.0975,0,sell
2025-10-24 13:07:09.500000+00:00,146764.337,147023.7309,146745.1199,0,sell
2025-10-24 13:07:10+00:00,146788.255,146999.7669,146705.693,0,sell
2025-10-24 13:07:10.500000+00:00,146778.6548,147009.2125,147084.5378,0,buy
2025-10-24 13:07:11+00:00,146749.3288,147038.3625,147109.6379,0,buy
2025-10-24 13:07:11.500000+00:00,146817.3533,146970.2494,146840.4624,0,buy
2025-10-24 13:07:12+00:00,146788.9135,146998.5588,146955.8696,0,buy
2025-10-24 13:07:12.500000+00:00,146825.1498,146962.2011,146832.1078,0,buy
2025-10-24 13:07:13+00:00,146762.3794,147024.9279,147053.6883,0,buy
2025-10-24 13:07:13.500000+00:00,146778.7993,147008.2883,146755.1194,0,sell
2025-10-24 13:07:14+00:00,146799.5794,146987.5209,146654.9387,0,sell
2025-10-24 13:07:14.500000+00:00,146746.8115,147040.1375,146794.1645,0,sell
2025-10-24 13:07:15+00:00,146785.6932,147001.15,146762.4237,0,sell
2025-10-24 13:07:15.500000+00:00,146791.7137,146994.9446,146912.0624,0,sell
2025-10-24 13:07:16+00:00,146769.4709,147017.0838,146876.4265,0,sell
2025-10-24 13:07:16.500000+00:00,146746.9213,147039.4602,146739.6158,0,sell
2025-10-24 13:07:17+00:00,146774.4246,147011.8793,146652.0802,0,sell
2025-10-24 13:07:17.500000+00:00,146785.0351,147001.196,146779.328,0,sell
2025-10-24 13:07:18+00:00,146781.0072,147005.1416,147116.2038,0,buy
2025-10-24 13:07:18.500000+00:00,146799.2514,146986.6755,147082.6474,0,buy
2025-10-24 13:07:19+00:00,146797.0695,146988.7724,146800.7733,0,sell
2025-10-24 13:07:19.500000+00:00,146780.8428,147004.8912,146995.8965,0,buy
2025-10-24 13:07:20+00:00,146792.1474,146993.4152,146884.367,0,buy
2025-10-24 13:07:20.500000+00:00,146765.1055,147020.4265,147102.7721,0,buy
2025-10-24 13:07:21+00:00,146816.5032,146968.8542,146919.6871,0,buy
2025-10-24 13:07:21.500000+00:00,146786.0015,146999.2618,146739.9185,0,sell
2025-10-24 13:07:22+00:00,146782.6026,147002.5322,147117.5293,0,buy
2025-10-24 13:07:22.500000+00:00,146775.5681,147009.4348,146837.1173,0,sell
2025-10-24 13:07:23+00:00,146776.1574,147008.7623,146915.9414,0,buy
2025-10-24 13:07:23.500000+00:00,146793.4474,146991.3461,146850.7773,0,buy
2025-10-24 13:07:24+00:00,146792.7143,146991.9551,146823.8041,0,sell
2025-10-24 13:07:24.500000+00:00,146774.1785,147010.3581,146871.3177,0,buy
2025-10-24 13:07:25+00:00,146773.3424,147011.1227,147021.573,0,buy
2025-10-24 13:07:25.500000+00:00,146776.2268,147008.1792,146743.7037,0,sell
2025-10-24 13:07:26+00:00,146757.7646,147026.4582,146893.386,0,sell
2025-10-24 13:07:26.500000+00:00,146816.3996,146967.7433,146802.5474,0,sell
2025-10-24 13:07:27+00:00,146776.4232,147007.4985,146942.5236,0,buy
2025-10-24 13:07:27.500000+00:00,146805.7884,146978.0835,147124.7067,0,buy
2025-10-24 13:07:28+00:00,146779.2456,147004.4544,146902.8804,0,buy
2025-10-24 13:07:28.500000+00:00,146795.4143,146988.1518,146991.2269,0,buy
2025-10-24 13:07:29+00:00,146800.4514,146983.0297,146925.183,0,buy
2025-10-24 13:07:29.500000+00:00,146806.3664,146977.0816,146936.9382,0,sell
2025-10-24 13:07:30+00:00,146763.9119,147019.4084,146618.9631,0,sell
2025-10-24 13:07:30.500000+00:00,146822.3856,146960.7867,146954.047,0,sell
2025-10-24 13:07:31+00:00,146780.3178,147002.6598,146931.4023,0,buy
2025-10-24 13:07:31.500000+00:00,146768.9885,147013.9301,147070.6507,0,buy
2025-10-24 13:07:32+00:00,146774.094,147008.7292,146746.3963,0,sell
2025-10-24 13:07:32.500000+00:00,146820.9275,146961.7729,147102.1087,0,buy
2025-10-24 13:07:33+00:00,146781.2017,147001.2935,146701.1358,0,sell
2025-10-24 13:07:33.500000+00:00,146755.0744,147027.3451,146812.3001,0,sell
2025-10-24 13:07:34+00:00,146774.9067,147007.4316,146737.031,0,sell
2025-10-24 13:07:34.500000+00:00,146780.7667,147001.4805,146684.0272,0,sell
2025-10-24 13:07:35+00:00,146815.2765,146966.7343,147049.5589,0,buy
2025-10-24 13:07:35.500000+00:00,146806.8107,146975.1716,146893.1374,0,sell
2025-10-24 13:07:36+00:00,146821.3547,146960.5237,146744.5054,0,sell
2025-10-24 13:07:36.500000+00:00,146761.0723,147020.7197,147022.0437,0,buy
2025-10-24 13:07:37+00:00,146777.0458,147004.6221,147141.9152,0,buy
2025-10-24 13:07:37.500000+00:00,146732.238,147049.3557,146838.8923,0,sell
2025-10-24 13:07:38+00:00,146776.012,147005.5818,146800.4078,0,sell
2025-10-24 13:07:38.500000+00:00,146804.6812,146976.9125,146767.112,0,sell
2025-10-24 13:07:39+00:00,146782.6494,146998.9444,147106.8593,0,buy
2025-10-24 13:07:39.500000+00:00,146800.1896,146981.4042,147118.6067,0,buy
2025-10-24 13:07:40+00:00,146763.8939,147017.6998,146747.2917,0,sell
2025-10-24 13:07:40.500000+00:00,146787.0573,146994.5365,147002.2078,0,buy
2025-10-24 13:07:41+00:00,146805.3338,146976.2599,146673.6957,0,sell
2025-10-24 13:07:41.500000+00:00,146760.1505,147021.4432,146988.0069,0,buy
2025-10-24 13:07:42+00:00,146810.5631,146971.0307,146757.9267,0,sell
2025-10-24 13:07:42.500000+00:00,146804.4193,146977.1745,146921.1672,0,buy
2025-10-24 13:07:43+00:00,146782.1298,146999.464,147021.9681,0,buy
2025-10-24 13:07:43.500000+00:00,146772.6092,147008.9846,146696.7575,0,sell
2025-10-24 13:07:44+00:00,146755.0834,147026.5103,146634.327,0,sell
2025-10-24 13:07:44.500000+00:00,146759.1878,147022.4059,146631.2416,0,sell
2025-10-24 13:07:45+00:00,146747.3772,147034.2166,147134.6768,0,buy
2025-10-24 13:07:45.500000+00:00,146767.2851,147014.3087,147115.3995,0,buy
2025-10-24 13:07:46+00:00,146813.3279,146968.2658,147101.5094,0,buy
2025-10-24 13:07:46.500000+00:00,146785.2221,146996.3717,146907.9073,0,buy
2025-10-24 13:07:47+00:00,146754.0428,147027.5509,146644.1662,0,sell
2025-10-24 13:07:47.500000+00:00,146814.2778,146967.3159,146890.526,0,buy
2025-10-24 13:07:48+00:00,146789.9622,146991.6316,146707.012,0,sell
2025-10-24 13:07:48.500000+00:00,146810.7183,146970.8755,146938.8116,0,buy
2025-10-24 13:07:49+00:00,146794.5105,146987.0832,146933.2578,0,buy
2025-10-24 13:07:49.500000+00:00,146764.5011,147017.0926,147018.835,0,buy
2025-10-24 13:07:50+00:00,146769.7286,147011.8651,146728.5379,0,sell
2025-10-24 13:07:50.500000+00:00,146772.1803,147009.4134,146717.2388,0,sell
2025-10-24 13:07:51+00:00,146777.2247,147004.369,146977.6679,0,buy
2025-10-24 13:07:51.500000+00:00,146788.0442,146993.5495,147050.4,0,buy
2025-10-24 13:07:52+00:00,146797.4298,146984.1639,146736.9249,0,sell
2025-10-24 13:07:52.500000+00:00,146757.7953,147023.7985,147090.5527,0,buy
2025-10-24 13:07:53+00:00,146765.6159,147015.9779,146887.4603,0,sell
2025-10-24 13:07:53.500000+00:00,146806.0488,146975.545,147049.5613,0,buy
2025-10-24 13:07:54+00:00,146817.2285,146964.3653,146768.4195,0,sell
2025-10-24 13:07:54.500000+00:00,146769.5403,147012.0534,146883.7272,0,sell
2025-10-24 13:07:55+00:00,146737.6997,147043.894,146605.9779,0,sell
2025-10-24 13:07:55.500000+00:00,146758.0419,147023.5518,147021.2,0,buy
2025-10-24 13:07:56+00:00,146801.3492,146980.2446,146749.3256,0,sell
2025-10-24 13:07:56.500000+00:00,146792.9844,146988.6094,146978.0219,0,buy
2025-10-24 13:07:57+00:00,146771.7225,147009.8712,147090.9846,0,buy
2025-10-24 13:07:57.500000+00:00,146764.8555,147016.7382,146843.4524,0,sell
2025-10-24 13:07:58+00:00,146773.8556,147007.7382,146796.5625,0,sell
2025-10-24 13:07:58.500000+00:00,146798.798,146982.7958,146786.5736,0,sell
2025-10-24 13:07:59+00:00,146792.2103,146989.3834,146669.3298,0,sell
2025-10-24 13:07:59.500000+00:00,146779.9147,147001.679,146940.7189,0,buy
2025-10-24 13:08:00+00:00,146746.5019,147030.3761,146885.8802,0,buy
2025-10-24 13:08:00.500000+00:00,146788.8743,146986.6275,147012.0861,0,buy
2025-10-24 13:08:01+00:00,146751.4737,147022.305,146999.5714,0,buy
2025-10-24 13:08:01.500000+00:00,146837.8135,146933.1052,146820.9841,0,sell
2025-10-24 13:08:02+00:00,146792.1607,146973.3848,146818.1227,0,sell
2025-10-24 13:08:02.500000+00:00,146756.4173,147010.752,146933.3421,0,buy
2025-10-24 13:08:03+00:00,146747.1864,147015.8063,146944.739,0,buy
2025-10-24 13:08:03.500000+00:00,146760.1953,146999.2563,146809.879,0,sell
2025-10-24 13:08:04+00:00,146783.7049,146974.0938,147011.3672,0,buy
2025-10-24 13:08:04.500000+00:00,146831.69,146923.5947,147069.2387,0,buy
2025-10-24 13:08:05+00:00,146810.2673,146941.6917,146932.6354,0,sell
2025-10-24 13:08:05.500000+00:00,146827.3641,146922.8773,146813.0132,0,sell
2025-10-24 13:08:06+00:00,146749.2795,146997.6716,146658.9746,0,sell
2025-10-24 13:08:06.500000+00:00,146726.5425,147018.0679,146651.9522,0,sell
2025-10-24 13:08:07+00:00,146766.2305,146975.5825,146775.9333,0,sell
2025-10-24 13:08:07.500000+00:00,146745.3326,146993.2457,146757.9353,0,sell
2025-10-24 13:08:08+00:00,146765.5608,146971.9718,147008.1134,0,buy
2025-10-24 13:08:08.500000+00:00,146778.2873,146957.1271,147038.8309,0,buy
2025-10-24 13:08:09+00:00,146768.7179,146964.0983,147089.4838,0,buy
2025-10-24 13:08:09.500000+00:00,146765.5198,146965.0517,146741.7214,0,sell
2025-10-24 13:08:10+00:00,146772.4997,146955.0733,146821.3477,0,sell
2025-10-24 13:08:10.500000+00:00,146751.1869,146973.0471,146998.2702,0,buy
2025-10-24 13:08:11+00:00,146740.7713,146982.2231,147046.1784,0,buy
2025-10-24 13:08:11.500000+00:00,146772.2952,146946.0984,146823.2017,0,sell
2025-10-24 13:08:12+00:00,146729.026,146987.2659,146937.5591,0,buy
2025-10-24 13:08:12.500000+00:00,146741.1713,146972.5288,147115.9781,0,buy
2025-10-24 13:08:13+00:00,146713.9994,146999.0935,146629.516,0,sell
2025-10-24 13:08:13.500000+00:00,146760.4831,146949.9486,146885.6682,0,buy
2025-10-24 13:08:14+00:00,146775.395,146932.076,147043.566,0,buy
2025-10-24 13:08:14.500000+00:00,146753.2427,146952.2468,146706.7426,0,sell
2025-10-24 13:08:15+00:00,146719.4673,146981.6531,146881.6075,0,buy
2025-10-24 13:08:15.500000+00:00,146728.1286,146971.6159,146762.2549,0,sell
2025-10-24 13:08:16+00:00,146735.4646,146961.3019,146922.7173,0,buy
2025-10-24 13:08:16.500000+00:00,146747.7729,146947.377,146839.031,0,sell
2025-10-24 13:08:17+00:00,146723.0041,146968.7079,147048.6107,0,buy
2025-10-24 13:08:17.500000+00:00,146737.1637,146951.7625,146853.8292,0,sell
2025-10-24 13:08:18+00:00,146746.9001,146940.3658,146849.6619,0,sell
2025-10-24 13:08:18.500000+00:00,146719.3417,146965.708,147098.6415,0,buy
2025-10-24 13:08:19+00:00,146677.7949,147003.2686,146536.0951,0,sell
2025-10-24 13:08:19.500000+00:00,146703.3377,146975.7657,146569.7168,0,sell
2025-10-24 13:08:20+00:00,146711.7671,146963.8653,146806.4424,0,sell
2025-10-24 13:08:20.500000+00:00,146723.2831,146948.4618,146960.81,0,buy
2025-10-24 13:08:21+00:00,146727.5322,146944.2216,146998.425,0,buy
2025-10-24 13:08:21.500000+00:00,146794.5065,146875.1,146872.3512,0,sell
2025-10-24 13:08:22+00:00,146749.4359,146917.3121,146653.2816,0,sell
2025-10-24 13:08:22.500000+00:00,146722.0421,146940.0915,146755.2354,0,sell
2025-10-24 13:08:23+00:00,146737.8494,146923.2576,146665.4193,0,sell
2025-10-24 13:08:23.500000+00:00,146717.538,146939.2787,146810.7982,0,sell
2025-10-24 13:08:24+00:00,146718.6743,146938.9888,146793.0535,0,sell
2025-10-24 13:08:24.500000+00:00,146707.1547,146945.6642,146959.4523,0,buy
2025-10-24 13:08:25+00:00,146735.2487,146917.243,147021.0502,0,buy
2025-10-24 13:08:25.500000+00:00,146712.5613,146937.107,146594.9676,0,sell
2025-10-24 13:08:26+00:00,146717.7776,146927.6202,146608.8844,0,sell
2025-10-24 13:08:26.500000+00:00,146720.1685,146922.4787,146603.1344,0,sell
2025-10-24 13:08:27+00:00,146743.6146,146897.8972,146665.4561,0,sell
2025-10-24 13:08:27.500000+00:00,146680.6034,146957.2516,146603.0629,0,sell
2025-10-24 13:08:28+00:00,146693.1956,146943.0189,147050.7562,0,buy
2025-10-24 13:08:28.500000+00:00,146697.9922,146935.1392,146588.5879,0,sell
2025-10-24 13:08:29+00:00,146730.631,146898.7461,146806.5988,0,sell
2025-10-24 13:08:29.500000+00:00,146708.6675,146917.7546,146919.5587,0,buy
2025-10-24 13:08:30+00:00,146688.7749,146937.4288,146657.7328,0,sell
2025-10-24 13:08:30.500000+00:00,146700.9294,146922.0002,146698.8705,0,sell
2025-10-24 13:08:31+00:00,146724.2147,146896.1909,146821.6224,0,sell
2025-10-24 13:08:31.500000+00:00,146769.3733,146849.6764,146800.7167,0,buy
2025-10-24 13:08:32+00:00,146637.7039,146979.2635,147065.6741,0,buy
2025-10-24 13:08:32.500000+00:00,146703.1619,146909.9121,146654.4699,0,sell
2025-10-24 13:08:33+00:00,146700.9839,146909.4941,146643.7998,0,sell
2025-10-24 13:08:33.500000+00:00,146703.0711,146905.6665,146894.1118,0,buy
2025-10-24 13:08:34+00:00,146681.421,146923.0362,146639.3407,0,sell
2025-10-24 13:08:34.500000+00:00,146734.5309,146868.8821,147005.6223,0,buy
2025-10-24 13:08:35+00:00,146721.2227,146879.9678,146867.5608,0,buy
2025-10-24 13:08:35.500000+00:00,146704.8783,146893.9012,146618.6124,0,sell
2025-10-24 13:08:36+00:00,146655.3655,146938.418,146957.1489,0,buy
2025-10-24 13:08:36.500000+00:00,146695.3177,146897.0406,146968.1374,0,buy
2025-10-24 13:08:37+00:00,146677.9945,146911.7218,146977.1515,0,buy
2025-10-24 13:08:37.500000+00:00,146690.1561,146899.4377,147018.6941,0,buy
2025-10-24 13:08:38+00:00,146688.1865,146901.4072,146565.5372,0,sell
2025-10-24 13:08:38.500000+00:00,146688.7491,146900.8447,147031.224,0,buy
2025-10-24 13:08:39+00:00,146686.0802,146903.5135,146699.2306,0,sell
2025-10-24 13:08:39.500000+00:00,146679.3889,146910.2049,146969.6738,0,buy
2025-10-24 13:08:40+00:00,146665.5711,146924.0227,146810.4933,0,buy
2025-10-24 13:08:40.500000+00:00,146710.823,146878.7708,147025.4911,0,buy
2025-10-24 13:08:41+00:00,146671.7566,146917.8371,146613.1076,0,sell
2025-10-24 13:08:41.500000+00:00,146671.0546,146918.5391,146855.2686,0,buy
2025-10-24 13:08:42+00:00,146654.9561,146934.6377,146531.0278,0,sell
2025-10-24 13:08:42.500000+00:00,146699.0943,146890.4995,146773.6722,0,buy
2025-10-24 13:08:43+00:00,146669.6046,146919.9891,146758.142,0,sell
2025-10-24 13:08:43.500000+00:00,146687.8198,146901.774,146647.236,0,sell
2025-10-24 13:08:44+00:00,146697.0721,146892.5216,146693.3679,0,sell
2025-10-24 13:08:44.500000+00:00,146674.1456,146915.4481,146805.0338,0,sell
2025-10-24 13:08:45+00:00,146658.6836,146930.9102,146802.4654,0,buy
2025-10-24 13:08:45.500000+00:00,146633.0953,146956.4984,146819.0855,0,buy
2025-10-24 13:08:46+00:00,146665.5276,146924.0661,147022.8223,0,buy
2025-10-24 13:08:46.500000+00:00,146663.8087,146925.7851,146867.3602,0,buy
2025-10-24 13:08:47+00:00,146699.8283,146889.7655,146886.5195,0,buy
2025-10-24 13:08:47.500000+00:00,146714.439,146875.1548,147018.0847,0,buy
2025-10-24 13:08:48+00:00,146681.4654,146908.1284,147006.9798,0,buy
2025-10-24 13:08:48.500000+00:00,146696.1977,146893.396,146704.1215,0,sell
2025-10-24 13:08:49+00:00,146712.1046,146877.4891,146824.2658,0,buy
2025-10-24 13:08:49.500000+00:00,146679.5732,146910.0205,146594.5336,0,sell
2025-10-24 13:08:50+00:00,146699.7042,146889.8895,146785.7824,0,buy
2025-10-24 13:08:50.500000+00:00,146663.39,146926.2037,146705.279,0,sell
2025-10-24 13:08:51+00:00,146703.4697,146886.1241,146986.6511,0,buy
2025-10-24 13:08:51.500000+00:00,146674.2336,146915.3602,146789.7541,0,buy
2025-10-24 13:08:52+00:00,146701.6946,146887.8992,146745.7799,0,sell
2025-10-24 13:08:52.500000+00:00,146649.2604,146940.3334,147071.9497,0,buy
2025-10-24 13:08:53+00:00,146702.8022,146886.7915,146754.9531,0,buy
2025-10-24 13:08:53.500000+00:00,146711.5485,146878.0453,146601.0214,0,sell
2025-10-24 13:08:54+00:00,146721.8803,146867.7134,146810.8438,0,sell
2025-10-24 13:08:54.500000+00:00,146709.3633,146880.2304,146841.0284,0,buy
2025-10-24 13:08:55+00:00,146707.3234,146882.2703,146768.1272,0,sell
2025-10-24 13:08:55.500000+00:00,146692.9199,146896.6739,146857.5177,0,buy
2025-10-24 13:08:56+00:00,146678.8031,146910.7907,147053.5686,0,buy
2025-10-24 13:08:56.500000+00:00,146702.8344,146886.7594,146670.6297,0,sell
2025-10-24 13:08:57+00:00,146666.4883,146923.1054,146571.008,0,sell
2025-10-24 13:08:57.500000+00:00,146681.2223,146908.3714,147009.1932,0,buy
2025-10-24 13:08:58+00:00,146654.9503,146934.6435,146770.5065,0,sell
2025-10-24 13:08:58.500000+00:00,146656.2355,146933.3582,146537.3998,0,sell
2025-10-24 13:08:59+00:00,146648.0667,146941.5271,146679.3661,0,sell
2025-10-24 13:08:59.500000+00:00,146677.9796,146911.6142,146999.0033,0,buy
2025-10-24 13:09:00+00:00,146706.0165,146904.046,146839.5703,0,sell
2025-10-24 13:09:00.500000+00:00,146698.4928,146912.0674,146860.2147,0,buy
2025-10-24 13:09:01+00:00,146688.4505,146922.3069,146880.0502,0,buy
2025-10-24 13:09:01.500000+00:00,146723.646,146887.7636,146741.2868,0,sell
2025-10-24 13:09:02+00:00,146724.5964,146887.4811,146579.5928,0,sell
2025-10-24 13:09:02.500000+00:00,146736.6885,146875.2872,146987.282,0,buy
2025-10-24 13:09:03+00:00,146691.6131,146921.4531,146624.3355,0,sell
2025-10-24 13:09:03.500000+00:00,146706.45,146907.0033,146927.2533,0,buy
2025-10-24 13:09:04+00:00,146704.84,146908.8014,146678.5223,0,sell
2025-10-24 13:09:04.500000+00:00,146692.3209,146921.9482,146789.4682,0,buy
2025-10-24 13:09:05+00:00,146684.9675,146929.6669,146871.3835,0,buy
2025-10-24 13:09:05.500000+00:00,146710.5651,146904.7351,147008.861,0,buy
2025-10-24 13:09:06+00:00,146716.3912,146899.324,146826.4615,0,buy
2025-10-24 13:09:06.500000+00:00,146677.3934,146938.374,146701.3278,0,sell
2025-10-24 13:09:07+00:00,146645.7267,146970.8357,147061.1072,0,buy
2025-10-24 13:09:07.500000+00:00,146680.1192,146936.7655,146824.1378,0,buy
2025-10-24 13:09:08+00:00,146696.2289,146921.162,146640.0008,0,sell
2025-10-24 13:09:08.500000+00:00,146722.4987,146895.2114,146799.9962,0,sell
2025-10-24 13:09:09+00:00,146692.7797,146925.8085,146887.9813,0,buy
2025-10-24 13:09:09.500000+00:00,146710.5205,146908.4046,146974.6509,0,buy
2025-10-24 13:09:10+00:00,146704.3842,146914.6954,146926.6916,0,buy
2025-10-24 13:09:10.500000+00:00,146720.0639,146899.3717,146623.7211,0,sell
2025-10-24 13:09:11+00:00,146686.7019,146933.3522,146745.2381,0,sell
2025-10-24 13:09:11.500000+00:00,146679.1224,146941.5282,146835.2594,0,buy
2025-10-24 13:09:12+00:00,146693.6505,146927.4242,146646.1214,0,sell
2025-10-24 13:09:12.500000+00:00,146655.1982,146966.5059,146680.8247,0,sell
2025-10-24 13:09:13+00:00,146703.1791,146918.9034,146789.48,0,sell
2025-10-24 13:09:13.500000+00:00,146719.7284,146902.8418,147018.8208,0,buy
2025-10-24 13:09:14+00:00,146714.5596,146908.3585,146830.8328,0,sell
2025-10-24 13:09:14.500000+00:00,146735.7603,146887.3232,146841.1108,0,sell
2025-10-24 13:09:15+00:00,146723.0311,146900.7124,146876.6114,0,buy
2025-10-24 13:09:15.500000+00:00,146713.9583,146910.4558,146857.7349,0,buy
2025-10-24 13:09:16+00:00,146711.3155,146913.3669,146694.254,0,sell
2025-10-24 13:09:16.500000+00:00,146718.7749,146906.4588,146978.8696,0,buy
2025-10-24 13:09:17+00:00,146696.6668,146928.8844,147000.7156,0,buy
2025-10-24 13:09:17.500000+00:00,146693.6406,146932.2468,146823.6104,0,buy
2025-10-24 13:09:18+00:00,146679.089,146947.4096,146819.0521,0,buy
2025-10-24 13:09:18.500000+00:00,146715.4705,146911.5588,147016.9664,0,buy
2025-10-24 13:09:19+00:00,146732.9694,146894.353,146741.0631,0,sell
2025-10-24 13:09:19.500000+00:00,146687.8681,146939.9829,146609.5918,0,sell
2025-10-24 13:09:20+00:00,146713.0084,146915.1801,146571.0268,0,sell
2025-10-24 13:09:20.500000+00:00,146687.1357,146941.86,146898.2799,0,buy
2025-10-24 13:09:21+00:00,146721.5817,146907.6307,146638.7664,0,sell
2025-10-24 13:09:21.500000+00:00,146703.1331,146926.8335,146792.0974,0,sell
2025-10-24 13:09:22+00:00,146669.4575,146960.9791,146627.0788,0,sell
2025-10-24 13:09:22.500000+00:00,146696.0411,146934.579,146635.8081,0,sell
2025-10-24 13:09:23+00:00,146670.6909,146960.2287,146902.2581,0,buy
2025-10-24 13:09:23.500000+00:00,146695.4278,146935.7658,147029.2063,0,buy
2025-10-24 13:09:24+00:00,146704.0132,146927.7419,146822.337,0,sell
2025-10-24 13:09:24.500000+00:00,146689.2912,146942.9377,146864.1994,0,buy
2025-10-24 13:09:25+00:00,146687.5715,146945.5825,146662.666,0,sell
2025-10-24 13:09:25.500000+00:00,146694.3947,146939.0017,146920.7171,0,buy
2025-10-24 13:09:26+00:00,146723.5518,146910.3483,146598.9915,0,sell
2025-10-24 13:09:26.500000+00:00,146728.3984,146905.5152,146707.1724,0,sell
2025-10-24 13:09:27+00:00,146724.8896,146909.655,146789.1012,0,buy
2025-10-24 13:09:27.500000+00:00,146703.4141,146931.9421,146793.5668,0,sell
2025-10-24 13:09:28+00:00,146740.9974,146894.7139,146695.3893,0,sell
2025-10-24 13:09:28.500000+00:00,146712.7906,146923.304,146941.8646,0,buy
2025-10-24 13:09:29+00:00,146684.3456,146952.3272,147097.6819,0,buy
2025-10-24 13:09:29.500000+00:00,146703.9106,146933.4015,146578.9408,0,sell
2025-10-24 13:09:30+00:00,146698.1389,146939.3146,146817.7833,0,buy
2025-10-24 13:09:30.500000+00:00,146747.3374,146890.6226,146875.8112,0,buy
2025-10-24 13:09:31+00:00,146703.463,146934.9751,146640.9223,0,sell
2025-10-24 13:09:31.500000+00:00,146683.2396,146956.0295,146856.0258,0,buy
2025-10-24 13:09:32+00:00,146720.6543,146918.3085,146839.7201,0,sell
2025-10-24 13:09:32.500000+00:00,146727.4835,146912.4094,146648.9226,0,sell
2025-10-24 13:09:33+00:00,146717.6382,146922.5762,147031.3062,0,buy
2025-10-24 13:09:33.500000+00:00,146693.303,146947.4844,146594.9395,0,sell
2025-10-24 13:09:34+00:00,146747.884,146893.1525,146734.2118,0,sell
2025-10-24 13:09:34.500000+00:00,146723.0453,146918.5517,146592.387,0,sell
2025-10-24 13:09:35+00:00,146717.0279,146925.1555,146871.0682,0,buy
2025-10-24 13:09:35.500000+00:00,146759.8868,146883.1621,146869.8824,0,sell
2025-10-24 13:09:36+00:00,146707.7505,146935.3637,146650.0955,0,sell
2025-10-24 13:09:36.500000+00:00,146685.9319,146957.3578,146903.5459,0,buy
2025-10-24 13:09:37+00:00,146751.5901,146892.229,146696.6594,0,sell
2025-10-24 13:09:37.500000+00:00,146717.9677,146926.0948,146933.9751,0,buy
2025-10-24 13:09:38+00:00,146716.1045,146927.958,147016.0243,0,buy
2025-10-24 13:09:38.500000+00:00,146744.8935,146899.169,146723.2686,0,sell
2025-10-24 13:09:39+00:00,146739.2731,146904.7894,146607.816,0,sell
2025-10-24 13:09:39.500000+00:00,146736.7039,146907.3586,146994.1939,0,buy
2025-10-24 13:09:40+00:00,146736.0571,146908.0054,147035.082,0,buy
2025-10-24 13:09:40.500000+00:00,146713.4095,146930.653,146774.966,0,sell
2025-10-24 13:09:41+00:00,146655.2709,146988.7916,146791.8863,0,sell
2025-10-24 13:09:41.500000+00:00,146761.4547,146882.6078,146973.9995,0,buy
2025-10-24 13:09:42+00:00,146724.8295,146919.233,146696.9521,0,sell
2025-10-24 13:09:42.500000+00:00,146725.5642,146918.4983,146604.9586,0,sell
2025-10-24 13:09:43+00:00,146693.3646,146950.6979,146592.5948,0,sell
2025-10-24 13:09:43.500000+00:00,146711.4039,146932.6586,146967.6643,0,buy
2025-10-24 13:09:44+00:00,146741.2213,146902.8412,146615.5331,0,sell
2025-10-24 13:09:44.500000+00:00,146759.8808,146884.1817,147010.94,0,buy
2025-10-24 13:09:45+00:00,146709.6494,146934.4131,146883.5757,0,buy
2025-10-24 13:09:45.500000+00:00,146708.6257,146935.4368,146642.6627,0,sell
2025-10-24 13:09:46+00:00,146706.6373,146937.4252,147057.6216,0,buy
2025-10-24 13:09:46.500000+00:00,146695.7704,146948.2921,146571.8748,0,sell
2025-10-24 13:09:47+00:00,146753.5996,146890.4629,146796.3505,0,buy
2025-10-24 13:09:47.500000+00:00,146705.0547,146939.0078,146839.4304,0,sell
2025-10-24 13:09:48+00:00,146730.6685,146913.394,146683.7801,0,sell
2025-10-24 13:09:48.500000+00:00,146711.7766,146932.2859,146692.6096,0,sell
2025-10-24 13:09:49+00:00,146723.5107,146920.5518,146654.7231,0,sell
2025-10-24 13:09:49.500000+00:00,146723.4456,146920.6169,146637.1391,0,sell
2025-10-24 13:09:50+00:00,146720.3376,146923.7249,146847.0252,0,sell
2025-10-24 13:09:50.500000+00:00,146755.432,146888.6305,146846.9785,0,buy
2025-10-24 13:09:51+00:00,146711.1681,146932.8944,147050.6641,0,buy
2025-10-24 13:09:51.500000+00:00,146738.1314,146905.9311,146703.9612,0,sell
2025-10-24 13:09:52+00:00,146690.6863,146953.3762,146545.0683,0,sell
2025-10-24 13:09:52.500000+00:00,146712.3574,146931.7051,146908.7174,0,buy
2025-10-24 13:09:53+00:00,146727.0238,146917.0387,146959.1656,0,buy
2025-10-24 13:09:53.500000+00:00,146725.5078,146918.5547,146787.0177,0,buy
2025-10-24 13:09:54+00:00,146696.7642,146947.2983,146691.7959,0,sell
2025-10-24 13:09:54.500000+00:00,146725.4146,146918.6479,147059.0591,0,buy
2025-10-24 13:09:55+00:00,146725.1715,146918.891,146822.7347,0,buy
2025-10-24 13:09:55.500000+00:00,146725.8606,146918.2019,147038.92,0,buy
2025-10-24 13:09:56+00:00,146741.6412,146902.4213,146609.123,0,sell
2025-10-24 13:09:56.500000+00:00,146672.9738,146971.0887,146990.4561,0,buy
2025-10-24 13:09:57+00:00,146721.6457,146922.4168,146966.2449,0,buy
2025-10-24 13:09:57.500000+00:00,146709.4726,146934.5899,146750.0055,0,sell
2025-10-24 13:09:58+00:00,146725.7598,146918.3027,146809.2172,0,buy
2025-10-24 13:09:58.500000+00:00,146718.0265,146926.036,146710.7407,0,sell
2025-10-24 13:09:59+00:00,146687.9053,146956.1572,146900.3239,0,buy
2025-10-24 13:09:59.500000+00:00,146728.3903,146915.6722,146836.1336,0,sell
2025-10-24 13:10:00+00:00,146757.7393,146943.9408,146876.784,0,sell
2025-10-24 13:10:00.500000+00:00,146698.5314,147002.4562,147011.8446,0,buy
2025-10-24 13:10:01+00:00,146721.2833,146979.3024,147071.139,0,buy
2025-10-24 13:10:01.500000+00:00,146730.7959,146968.6064,146852.3889,0,sell
2025-10-24 13:10:02+00:00,146729.108,146969.2282,146984.6124,0,buy
2025-10-24 13:10:02.500000+00:00,146744.3616,146953.103,146819.0469,0,buy
2025-10-24 13:10:03+00:00,146747.788,146948.9465,146857.9597,0,buy
2025-10-24 13:10:03.500000+00:00,146700.1602,146996.3012,146553.5779,0,sell
2025-10-24 13:10:04+00:00,146747.2645,146947.8012,146704.7064,0,sell
2025-10-24 13:10:04.500000+00:00,146763.7652,146930.5187,147066.8455,0,buy
2025-10-24 13:10:05+00:00,146739.7105,146953.598,147063.8157,0,buy
2025-10-24 13:10:05.500000+00:00,146735.3998,146957.5657,146838.3997,0,buy
2025-10-24 13:10:06+00:00,146723.3039,146969.0957,146592.3025,0,sell
2025-10-24 13:10:06.500000+00:00,146704.3134,146986.7867,147022.813,0,buy
2025-10-24 13:10:07+00:00,146734.4934,146955.6605,146670.9595,0,sell
2025-10-24 13:10:07.500000+00:00,146766.8041,146922.5032,146867.3289,0,sell
2025-10-24 13:10:08+00:00,146742.1853,146945.5402,146943.4187,0,buy
2025-10-24 13:10:08.500000+00:00,146729.3425,146958.5194,147099.0898,0,buy
2025-10-24 13:10:09+00:00,146734.2844,146952.556,146993.5224,0,buy
2025-10-24 13:10:09.500000+00:00,146760.0781,146926.021,146905.5443,0,buy
2025-10-24 13:10:10+00:00,146719.7608,146965.1531,147086.7602,0,buy
2025-10-24 13:10:10.500000+00:00,146739.2601,146944.9228,146679.8514,0,sell
2025-10-24 13:10:11+00:00,146730.8916,146952.4506,146912.0632,0,buy
2025-10-24 13:10:11.500000+00:00,146719.9658,146962.9875,147106.82,0,buy
2025-10-24 13:10:12+00:00,146728.3518,146953.3358,147085.2753,0,buy
2025-10-24 13:10:12.500000+00:00,146737.7009,146943.9162,146953.3461,0,buy
2025-10-24 13:10:13+00:00,146688.4119,146991.8616,146901.8406,0,buy
2025-10-24 13:10:13.500000+00:00,146732.9444,146945.9684,147015.959,0,buy
2025-10-24 13:10:14+00:00,146722.3042,146956.1314,147062.4174,0,buy
2025-10-24 13:10:14.500000+00:00,146757.2878,146920.1535,146762.7158,0,sell
2025-10-24 13:10:15+00:00,146755.0847,146921.0467,146853.0223,0,buy
2025-10-24 13:10:15.500000+00:00,146743.1845,146933.2889,146753.0506,0,sell
2025-10-24 13:10:16+00:00,146730.5949,146944.7687,146727.4615,0,sell
2025-10-24 13:10:16.500000+00:00,146714.0913,146960.3874,146645.9497,0,sell
2025-10-24 13:10:17+00:00,146762.4421,146911.0904,146891.7809,0,sell
2025-10-24 13:10:17.500000+00:00,146781.1918,146891.0294,146756.5361,0,buy
2025-10-24 13:10:18+00:00,146657.4653,147014.2015,147090.7855,0,buy
2025-10-24 13:10:18.500000+00:00,146731.1821,146940.0627,146862.0002,0,sell
2025-10-24 13:10:19+00:00,146718.2845,146951.542,146704.7414,0,sell
2025-10-24 13:10:19.500000+00:00,146729.3893,146939.1465,146831.9826,0,sell
2025-10-24 13:10:20+00:00,146774.8333,146893.5835,146798.0619,0,sell
2025-10-24 13:10:20.500000+00:00,146731.6314,146935.9796,147053.7951,0,buy
2025-10-24 13:10:21+00:00,146699.0087,146967.8557,146998.4761,0,buy
2025-10-24 13:10:21.500000+00:00,146691.2242,146974.9913,146851.1495,0,buy
2025-10-24 13:10:22+00:00,146776.1905,146889.1645,146655.6057,0,sell
2025-10-24 13:10:22.500000+00:00,146707.01,146957.3955,146861.8105,0,buy
2025-10-24 13:10:23+00:00,146721.0649,146942.7981,146669.8353,0,sell
2025-10-24 13:10:23.500000+00:00,146715.0562,146947.1343,147086.99,0,buy
2025-10-24 13:10:24+00:00,146734.0154,146927.9691,146594.5293,0,sell
2025-10-24 13:10:24.500000+00:00,146757.3515,146903.8384,146768.0877,0,sell
2025-10-24 13:10:25+00:00,146724.9752,146934.8047,147050.8932,0,buy
2025-10-24 13:10:25.500000+00:00,146721.9455,146936.9206,146648.5557,0,sell
2025-10-24 13:10:26+00:00,146714.9529,146943.3151,146686.936,0,sell
2025-10-24 13:10:26.500000+00:00,146727.8602,146929.6016,146846.3849,0,buy
2025-10-24 13:10:27+00:00,146710.52,146946.5474,146930.8796,0,buy
2025-10-24 13:10:27.500000+00:00,146744.1381,146911.6735,147007.2057,0,buy
2025-10-24 13:10:28+00:00,146652.8611,147002.0433,146908.4937,0,buy
2025-10-24 13:10:28.500000+00:00,146738.8533,146915.2945,146978.2092,0,buy
2025-10-24 13:10:29+00:00,146703.3193,146950.5317,146925.7779,0,buy
2025-10-24 13:10:29.500000+00:00,146737.7709,146914.9056,146698.9465,0,sell
2025-10-24 13:10:30+00:00,146722.4016,146929.383,146771.0502,0,sell
2025-10-24 13:10:30.500000+00:00,146729.2744,146921.6993,146909.9757,0,buy
2025-10-24 13:10:31+00:00,146727.6497,146922.9256,147039.5079,0,buy
2025-10-24 13:10:31.500000+00:00,146727.6474,146921.4637,146841.4015,0,buy
2025-10-24 13:10:32+00:00,146728.7322,146920.1856,146604.0548,0,sell
2025-10-24 13:10:32.500000+00:00,146722.2669,146925.4766,146968.0135,0,buy
2025-10-24 13:10:33+00:00,146685.2873,146961.509,146613.7111,0,sell
2025-10-24 13:10:33.500000+00:00,146734.8607,146911.927,146622.2487,0,sell
2025-10-24 13:10:34+00:00,146765.2473,146879.6072,146910.1596,0,buy
2025-10-24 13:10:34.500000+00:00,146681.3366,146962.9028,146827.6966,0,sell
2025-10-24 13:10:35+00:00,146744.0188,146899.1163,146827.7515,0,buy
2025-10-24 13:10:35.500000+00:00,146674.5447,146968.4343,146635.6107,0,sell
2025-10-24 13:10:36+00:00,146716.0866,146926.2881,146892.0644,0,buy
2025-10-24 13:10:36.500000+00:00,146694.8952,146946.6412,146739.135,0,sell
2025-10-24 13:10:37+00:00,146744.7693,146895.7966,146609.284,0,sell
2025-10-24 13:10:37.500000+00:00,146686.0044,146953.8706,146689.7448,0,sell
2025-10-24 13:10:38+00:00,146711.369,146928.506,146568.4033,0,sell
2025-10-24 13:10:38.500000+00:00,146765.3706,146874.5044,146749.7371,0,sell
2025-10-24 13:10:39+00:00,146729.5055,146910.3695,146909.289,0,buy
2025-10-24 13:10:39.500000+00:00,146718.3667,146921.5083,146974.0063,0,buy
2025-10-24 13:10:40+00:00,146698.6847,146941.1903,146788.898,0,sell
2025-10-24 13:10:40.500000+00:00,146711.732,146928.143,146897.9614,0,buy
2025-10-24 13:10:41+00:00,146692.2515,146947.6235,146568.5425,0,sell
2025-10-24 13:10:41.500000+00:00,146751.0813,146888.7937,146991.7092,0,buy
2025-10-24 13:10:42+00:00,146695.5981,146944.2769,146793.2662,0,sell
2025-10-24 13:10:42.500000+00:00,146734.0268,146905.8482,146797.0741,0,buy
2025-10-24 13:10:43+00:00,146695.637,146944.238,146893.3783,0,buy
2025-10-24 13:10:43.500000+00:00,146708.0169,146931.8581,146834.3174,0,sell
2025-10-24 13:10:44+00:00,146683.8136,146956.0614,146879.4124,0,buy
2025-10-24 13:10:44.500000+00:00,146700.9412,146938.9338,146570.7828,0,sell
2025-10-24 13:10:45+00:00,146707.556,146932.319,146774.6351,0,sell
2025-10-24 13:10:45.500000+00:00,146760.7847,146879.0903,146912.1922,0,buy
2025-10-24 13:10:46+00:00,146682.4135,146957.4615,146611.8443,0,sell
2025-10-24 13:10:46.500000+00:00,146660.6783,146979.1967,146867.2784,0,buy
2025-10-24 13:10:47+00:00,146709.7981,146930.0769,146768.8615,0,sell
2025-10-24 13:10:47.500000+00:00,146743.8356,146896.0394,146700.0988,0,sell
2025-10-24 13:10:48+00:00,146746.5297,146893.3453,146764.4366,0,buy
2025-10-24 13:10:48.500000+00:00,146742.7415,146897.1335,146886.3195,0,sell
2025-10-24 13:10:49+00:00,146725.6036,146914.2714,146785.4491,0,sell
2025-10-24 13:10:49.500000+00:00,146691.9929,146947.8821,146665.2736,0,sell
2025-10-24 13:10:50+00:00,146719.6371,146920.2379,146704.8474,0,sell
2025-10-24 13:10:50.500000+00:00,146664.5913,146975.2837,146977.6051,0,buy
2025-10-24 13:10:51+00:00,146679.6933,146960.1817,146727.7432,0,sell
2025-10-24 13:10:51.500000+00:00,146707.0498,146932.8252,146997.6567,0,buy
2025-10-24 13:10:52+00:00,146688.3344,146951.5406,146557.8277,0,sell
2025-10-24 13:10:52.500000+00:00,146709.8059,146930.0691,146574.1573,0,sell
2025-10-24 13:10:53+00:00,146694.7179,146945.1571,147017.5463,0,buy
2025-10-24 13:10:53.500000+00:00,146757.2541,146882.6209,146785.2668,0,buy
2025-10-24 13:10:54+00:00,146673.4117,146966.4633,146733.6935,0,sell
2025-10-24 13:10:54.500000+00:00,146696.1003,146943.7747,146665.1008,0,sell
2025-10-24 13:10:55+00:00,146665.9666,146973.9084,147041.716,0,buy
2025-10-24 13:10:55.500000+00:00,146701.1694,146938.7056,146576.2317,0,sell
2025-10-24 13:10:56+00:00,146700.2438,146939.6312,146816.0672,0,sell
2025-10-24 13:10:56.500000+00:00,146718.4993,146921.3757,147065.424,0,buy
2025-10-24 13:10:57+00:00,146731.8082,146908.0668,146850.3778,0,sell
2025-10-24 13:10:57.500000+00:00,146698.3972,146941.4778,146991.5126,0,buy
2025-10-24 13:10:58+00:00,146699.5169,146940.3581,146855.4878,0,buy
2025-10-24 13:10:58.500000+00:00,146735.5956,146904.2794,146809.9201,0,buy
2025-10-24 13:10:59+00:00,146714.5388,146925.3362,146910.1758,0,buy
2025-10-24 13:10:59.500000+00:00,146691.3859,146948.4891,147020.3232,0,buy
2025-10-24 13:11:00+00:00,146742.4494,146937.6131,146962.6691,0,buy
2025-10-24 13:11:00.500000+00:00,146738.5945,146943.0926,146935.851,0,buy
2025-10-24 13:11:01+00:00,146700.7339,146982.2186,146602.1276,0,sell
2025-10-24 13:11:01.500000+00:00,146761.9029,146922.9064,146817.3771,0,buy
2025-10-24 13:11:02+00:00,146701.6112,146984.2726,146636.7315,0,sell
2025-10-24 13:11:02.500000+00:00,146716.1271,146970.4555,146587.9743,0,sell
2025-10-24 13:11:03+00:00,146747.8664,146941.6845,146756.6152,0,sell
2025-10-24 13:11:03.500000+00:00,146731.7482,146958.1679,146829.0531,0,sell
2025-10-24 13:11:04+00:00,146743.4134,146947.719,146938.4499,0,buy
2025-10-24 13:11:04.500000+00:00,146720.0757,146973.0257,146582.4436,0,sell
2025-10-24 13:11:05+00:00,146716.8776,146977.2469,146757.092,0,sell
2025-10-24 13:11:05.500000+00:00,146741.7045,146953.8909,147073.1732,0,buy
2025-10-24 13:11:06+00:00,146765.5352,146932.5379,146841.1104,0,sell
2025-10-24 13:11:06.500000+00:00,146737.6296,146960.4029,146799.019,0,sell
2025-10-24 13:11:07+00:00,146752.6535,146946.7502,146670.3907,0,sell
2025-10-24 13:11:07.500000+00:00,146753.9453,146947.0768,147029.9555,0,buy
2025-10-24 13:11:08+00:00,146746.6346,146956.2755,146846.0178,0,sell
2025-10-24 13:11:08.500000+00:00,146709.0353,146993.9323,146629.3506,0,sell
2025-10-24 13:11:09+00:00,146762.3893,146941.7338,146875.0691,0,buy
2025-10-24 13:11:09.500000+00:00,146767.9556,146938.275,146925.1471,0,buy
2025-10-24 13:11:10+00:00,146722.2797,146984.8017,147109.0252,0,buy
2025-10-24 13:11:10.500000+00:00,146719.5688,146989.5324,146679.5805,0,sell
2025-10-24 13:11:11+00:00,146763.2005,146947.7745,146628.0935,0,sell
2025-10-24 13:11:11.500000+00:00,146726.8035,146984.8428,146711.5941,0,sell
2025-10-24 13:11:12+00:00,146773.5449,146939.217,146853.4602,0,sell
2025-10-24 13:11:12.500000+00:00,146733.9322,146980.9982,147015.6054,0,buy
2025-10-24 13:11:13+00:00,146727.1353,146989.5993,147090.084,0,buy
2025-10-24 13:11:13.500000+00:00,146750.5946,146966.2081,146724.3277,0,sell
2025-10-24 13:11:14+00:00,146760.4334,146959.0658,146680.4879,0,sell
2025-10-24 13:11:14.500000+00:00,146781.4212,146939.4698,147029.4252,0,buy
2025-10-24 13:11:15+00:00,146721.9929,147000.3623,146885.4901,0,buy
2025-10-24 13:11:15.500000+00:00,146781.7159,146942.1695,146663.9877,0,sell
2025-10-24 13:11:16+00:00,146737.5266,146988.2617,147127.3259,0,buy
2025-10-24 13:11:16.500000+00:00,146762.5797,146963.2764,146694.5629,0,sell
2025-10-24 13:11:17+00:00,146773.9945,146953.4962,146636.3718,0,sell
2025-10-24 13:11:17.500000+00:00,146756.6615,146971.9499,146650.6012,0,sell
2025-10-24 13:11:18+00:00,146758.1267,146972.0948,146814.8251,0,sell
2025-10-24 13:11:18.500000+00:00,146759.6911,146972.7169,146729.6449,0,sell
2025-10-24 13:11:19+00:00,146781.769,146950.5411,146965.7736,0,buy
2025-10-24 13:11:19.500000+00:00,146772.7099,146961.2443,146701.4131,0,sell
2025-10-24 13:11:20+00:00,146803.8618,146932.6453,146953.4112,0,buy
2025-10-24 13:11:20.500000+00:00,146763.8892,146973.8262,146948.7956,0,buy
2025-10-24 13:11:21+00:00,146739.2529,146999.1391,146665.8712,0,sell
2025-10-24 13:11:21.500000+00:00,146735.276,147005.1401,146760.2781,0,sell
2025-10-24 13:11:22+00:00,146766.0456,146975.4979,146870.2177,0,buy
2025-10-24 13:11:22.500000+00:00,146812.318,146931.2193,146815.2946,0,buy
2025-10-24 13:11:23+00:00,146737.2917,147006.9002,146804.6965,0,sell
2025-10-24 13:11:23.500000+00:00,146734.8073,147011.2706,147124.2474,0,buy
2025-10-24 13:11:24+00:00,146767.7809,146980.5278,146907.5268,0,sell
2025-10-24 13:11:24.500000+00:00,146739.9649,147008.6781,147127.8498,0,buy
2025-10-24 13:11:25+00:00,146719.3837,147030.3682,146862.6587,0,sell
2025-10-24 13:11:25.500000+00:00,146797.2803,146954.2136,146821.1953,0,buy
2025-10-24 13:11:26+00:00,146756.3229,146996.0007,146994.4803,0,buy
2025-10-24 13:11:26.500000+00:00,146739.4783,147015.6652,146818.8385,0,sell
2025-10-24 13:11:27+00:00,146810.3205,146945.0723,146858.2871,0,sell
2025-10-24 13:11:27.500000+00:00,146768.2008,146988.3506,146923.8119,0,buy
2025-10-24 13:11:28+00:00,146788.5579,146969.0951,146977.8644,0,buy
2025-10-24 13:11:28.500000+00:00,146752.0342,147008.0136,147045.9138,0,buy
2025-10-24 13:11:29+00:00,146763.2274,146998.0945,146851.1679,0,buy
2025-10-24 13:11:29.500000+00:00,146788.7777,146973.2304,147100.6901,0,buy
2025-10-24 13:11:30+00:00,146779.8741,146984.0837,146811.7464,0,sell
2025-10-24 13:11:30.500000+00:00,146760.8635,147003.4073,146723.7641,0,sell
2025-10-24 13:11:31+00:00,146782.7528,146983.7888,147120.1361,0,buy
2025-10-24 13:11:31.500000+00:00,146769.864,146998.2095,146935.8468,0,buy
2025-10-24 13:11:32+00:00,146766.8623,147003.2545,146729.8591,0,sell
2025-10-24 13:11:32.500000+00:00,146789.9353,146980.2908,146649.6637,0,sell
2025-10-24 13:11:33+00:00,146764.686,147006.6704,146933.8295,0,buy
2025-10-24 13:11:33.500000+00:00,146781.3565,146991.5916,147086.7839,0,buy
2025-10-24 13:11:34+00:00,146789.0222,146985.0906,146755.2487,0,sell
2025-10-24 13:11:34.500000+00:00,146767.0491,147009.842,147093.1349,0,buy
2025-10-24 13:11:35+00:00,146792.882,146985.5123,146945.2939,0,buy
2025-10-24 13:11:35.500000+00:00,146837.0948,146942.0563,146996.5831,0,buy
2025-10-24 13:11:36+00:00,146809.9803,146971.031,146898.8182,0,sell
2025-10-24 13:11:36.500000+00:00,146786.9475,146994.8937,146935.6403,0,buy
